{
  "galleria": [
    {
      "store": "Galleria",
      "name": "WATERMELON (XL)",
      "price": "$6.98",
      "unit": "/ea",
      "original_price": "$12.98",
      "image_url": "https://www.galleriasm.com/images/Product/5323.jpg"
    },
    {
      "store": "Galleria",
      "name": "SWEET CORNS",
      "price": "$2.88",
      "unit": "/ea",
      "original_price": "$1.49",
      "image_url": "https://www.galleriasm.com/images/Product/616.jpg"
    },
    {
      "store": "Galleria",
      "name": "PALDO BIBIMMEN MULTI 130G*4",
      "price": "$3.98",
      "unit": "/pk",
      "original_price": "$5.99",
      "image_url": "https://www.galleriasm.com/images/Product/648436101177.JPG"
    },
    {
      "store": "Galleria",
      "name": "PALDO BIBIMMEN II MULTI 130G*4",
      "price": "$3.98",
      "unit": "/pk",
      "original_price": "$7.49",
      "image_url": "https://www.galleriasm.com/images/Product/648436310517.jpg"
    },
    {
      "store": "Galleria",
      "name": "PALDO VOLCANO CHICKEN NOODLE MULTI 140G*4",
      "price": "$5.98",
      "unit": "/pk",
      "original_price": "$8.49",
      "image_url": "https://www.galleriasm.com/images/Product/648436101283.jpg"
    },
    {
      "store": "Galleria",
      "name": "PALDO VOLCANO CHICKEN CARBO MULTI 130G*4",
      "price": "$5.98",
      "unit": "/pk",
      "original_price": "$8.99",
      "image_url": "https://www.galleriasm.com/images/Product/648436310692.jpg"
    },
    {
      "store": "Galleria",
      "name": "PALDO ILPUM JJAJANG NOODLE MULTI 200G*4",
      "price": "$6.98",
      "unit": "/pk",
      "original_price": "$9.49",
      "image_url": "https://www.galleriasm.com/images/Product/648436104222.JPG"
    },
    {
      "store": "Galleria",
      "name": "FROZEN SQUID FAMILY PACK 1LB",
      "price": "$5.98",
      "unit": "/lb",
      "original_price": "N/A",
      "image_url": "https://www.galleriasm.com/images/Product/280431.jpg"
    },
    {
      "store": "Galleria",
      "name": "ASSI 12 GRAIN RICE 10LB",
      "price": "$29.98",
      "unit": "/ea",
      "original_price": "$36.99",
      "image_url": "https://www.galleriasm.com/images/Product/081652000990.jpg"
    },
    {
      "store": "Galleria",
      "name": "KADOYA SESAME OIL 1.65L",
      "price": "$27.98",
      "unit": "/ea",
      "original_price": "$34.99",
      "image_url": "https://www.galleriasm.com/images/Product/012822009239.jpg"
    },
    {
      "store": "Galleria",
      "name": "KIKKOMAN HON TSUYU KOIDASHI 1L",
      "price": "$9.98",
      "unit": "/ea",
      "original_price": "$15.99",
      "image_url": "https://www.galleriasm.com/images/Product/041390022272.jpg"
    },
    {
      "store": "Galleria",
      "name": "KENKO CREAMY KINGOMA DRSG 946ML",
      "price": "$9.98",
      "unit": "/ea",
      "original_price": "$16.99",
      "image_url": "https://www.galleriasm.com/images/Product/4971880156186.jpg"
    },
    {
      "store": "Galleria",
      "name": "KEWPIE MAYONNAISE 465ML",
      "price": "$5.98",
      "unit": "/ea",
      "original_price": "$8.99",
      "image_url": "https://www.galleriasm.com/images/Product/033357071010.jpg"
    },
    {
      "store": "Galleria",
      "name": "FRESH BEEF BONLESS SHORT-RIB(GRILLING) 1LB",
      "price": "$43.99",
      "unit": "/lb",
      "original_price": "N/A",
      "image_url": "https://www.galleriasm.com/images/Product/210217.jpg"
    },
    {
      "store": "Galleria",
      "name": "FROZEN BEEF BRISKET DECKLE(GRILLING) 1LB",
      "price": "$16.98",
      "unit": "/lb",
      "original_price": "N/A",
      "image_url": "https://www.galleriasm.com/images/Product/210051.jpg"
    },
    {
      "store": "Galleria",
      "name": "FRESH PORK BBQ SET 1PK",
      "price": "$36.98",
      "unit": "/pk",
      "original_price": "N/A",
      "image_url": "https://www.galleriasm.com/images/Product/210016.jpg"
    },
    {
      "store": "Galleria",
      "name": "FRESH PORK COLLAR-BUTT (GRILLING) 1LB",
      "price": "$9.48",
      "unit": "/lb",
      "original_price": "N/A",
      "image_url": "https://www.galleriasm.com/images/Product/210360.jpg"
    },
    {
      "store": "Galleria",
      "name": "B.B.Q BEEF SHORT RIB 10LB",
      "price": "$219.98",
      "unit": "/pk",
      "original_price": "$249.99",
      "image_url": "https://www.galleriasm.com/images/Product/261167.jpg"
    },
    {
      "store": "Galleria",
      "name": "MARINATED PORK RIB 5LB",
      "price": "$54.98",
      "unit": "/pk",
      "original_price": "$59.99",
      "image_url": "https://www.galleriasm.com/images/Product/261573.jpg"
    },
    {
      "store": "Galleria",
      "name": "G WHOLE. PORK HOCK",
      "price": "$12.98",
      "unit": "/ea",
      "original_price": "$14.99",
      "image_url": "https://www.galleriasm.com/images/Product/260542.jpg"
    },
    {
      "store": "Galleria",
      "name": "BU-DAE GIGAE",
      "price": "$11.98",
      "unit": "/ea",
      "original_price": "$12.99",
      "image_url": "https://www.galleriasm.com/images/Product/270236.JPG"
    },
    {
      "store": "Galleria",
      "name": "GALLERIA FRESH TOFU(LARGE) 800G",
      "price": "$5.48",
      "unit": "/ea",
      "original_price": "$6.49",
      "image_url": "https://www.galleriasm.com/images/Product/100001196303.jpg"
    },
    {
      "store": "Galleria",
      "name": "KOREAN HONEY MELON BOX",
      "price": "$24.98",
      "unit": "/bx",
      "original_price": "$39.99",
      "image_url": "https://www.galleriasm.com/images/Product/5341.jpg"
    },
    {
      "store": "Galleria",
      "name": "CHERRY PLUMS 1LB",
      "price": "$6.98",
      "unit": "/lb",
      "original_price": "$7.99",
      "image_url": "https://www.galleriasm.com/images/Product/484.jpg"
    },
    {
      "store": "Galleria",
      "name": "WHITE NECTARINES 1LB",
      "price": "$3.98",
      "unit": "/lb",
      "original_price": "$4.98",
      "image_url": "https://www.galleriasm.com/images/Product/454.jpg"
    },
    {
      "store": "Galleria",
      "name": "WHITE PEACHES 1LB",
      "price": "$3.98",
      "unit": "/lb",
      "original_price": "$4.98",
      "image_url": "https://www.galleriasm.com/images/Product/452.jpg"
    },
    {
      "store": "Galleria",
      "name": "ORRI MANDARIN 1LB",
      "price": "$3.48",
      "unit": "/lb",
      "original_price": "$4.98",
      "image_url": "https://www.galleriasm.com/images/Product/464.jpg"
    },
    {
      "store": "Galleria",
      "name": "SAMJUNG DRIED ALASKA POLLOCK 1.3KG",
      "price": "$12.98",
      "unit": "/ea",
      "original_price": "$15.99",
      "image_url": "https://www.galleriasm.com/images/Product/6289020404645.jpg"
    },
    {
      "store": "Galleria",
      "name": "FISHMAN`S WHARF FROZEN SMALL YELLOW CROAKER",
      "price": "$12.98",
      "unit": "/ea",
      "original_price": "$7.98",
      "image_url": "https://www.galleriasm.com/images/Product/628634887202.jpg"
    },
    {
      "store": "Galleria",
      "name": "FISHERMAN BROTHERS OCTOPUS SQUID MIX 680G",
      "price": "$10.98",
      "unit": "/ea",
      "original_price": "$12.99",
      "image_url": "https://www.galleriasm.com/images/Product/623431470169.jpg"
    },
    {
      "store": "Galleria",
      "name": "BUSAN FROZEN & DRIED YELLOW CROAKER 1.65KG",
      "price": "$39.98",
      "unit": "/ea",
      "original_price": "$49.49",
      "image_url": "https://www.galleriasm.com/images/Product/6289020404737.jpg"
    },
    {
      "store": "Galleria",
      "name": "SUBIN CORNISH HEN PREPARATION 68G",
      "price": "$3.48",
      "unit": "/ea",
      "original_price": "$3.99",
      "image_url": "https://www.galleriasm.com/images/Product/8809144500016.jpg"
    },
    {
      "store": "Galleria",
      "name": "SUBIN CORNISH HEN PREPARATION 148G",
      "price": "$4.98",
      "unit": "/ea",
      "original_price": "$6.99",
      "image_url": "https://www.galleriasm.com/images/Product/8809144500054.jpg"
    },
    {
      "store": "Galleria",
      "name": "YEONGJU NH DRIED JUJUBE 250G",
      "price": "$11.98",
      "unit": "/ea",
      "original_price": "$13.99",
      "image_url": "https://www.galleriasm.com/images/Product/8809052505226.JPG"
    },
    {
      "store": "Galleria",
      "name": "HARIM FROZEN INSTANT GINSENG CHICKEN STEW 800G",
      "price": "$10.98",
      "unit": "/ea",
      "original_price": "$14.99",
      "image_url": "https://www.galleriasm.com/images/Product/8801492375278.jpg"
    },
    {
      "store": "Galleria",
      "name": "FROZEN ASC CERTIFIED KOREAN BOILED ABALONE 210G",
      "price": "$23.98",
      "unit": "/ea",
      "original_price": "$29.99",
      "image_url": "https://www.galleriasm.com/images/Product/6289020405109.jpg"
    },
    {
      "store": "Galleria",
      "name": "FROZEN ASC CERTIFIED KOREAN BOILED ABALONE 185G",
      "price": "$17.98",
      "unit": "/ea",
      "original_price": "$25.99",
      "image_url": "https://www.galleriasm.com/images/Product/6289020405116.jpg"
    },
    {
      "store": "Galleria",
      "name": "AED FROZEN ROASTED EEL 12OZ 12OZ",
      "price": "$31.98",
      "unit": "/ea",
      "original_price": "$16.98",
      "image_url": "https://www.galleriasm.com/images/Product/6945365200341.jpg"
    },
    {
      "store": "Galleria",
      "name": "ASSI SEASONED LAVER 120G",
      "price": "$9.98",
      "unit": "/pk",
      "original_price": "$12.99",
      "image_url": "https://www.galleriasm.com/images/Product/081652071730.jpg"
    },
    {
      "store": "Galleria",
      "name": "ASSI SWEET POTATO NOODLE 1.5LB",
      "price": "$4.98",
      "unit": "/ea",
      "original_price": "$6.99",
      "image_url": "https://www.galleriasm.com/images/Product/081652080275.jpg"
    },
    {
      "store": "Galleria",
      "name": "JBR FROZEN OYSTERS IQF 226G",
      "price": "$7.98",
      "unit": "/ea",
      "original_price": "$8.99",
      "image_url": "https://www.galleriasm.com/images/Product/8809366955717.jpg"
    },
    {
      "store": "Galleria",
      "name": "JBR FROZEN OYSTERS 454G",
      "price": "$14.98",
      "unit": "/ea",
      "original_price": "$16.99",
      "image_url": "https://www.galleriasm.com/images/Product/8809366955823.jpg"
    },
    {
      "store": "Galleria",
      "name": "PALDO GOMTANG RAMYUN MULTI 102G*4",
      "price": "$3.98",
      "unit": "/pk",
      "original_price": "$4.99",
      "image_url": "https://www.galleriasm.com/images/Product/648436101184.jpg"
    },
    {
      "store": "Galleria",
      "name": "PALDO SEAFOOD FLAVOR RAMEN MULTI 120G*5",
      "price": "$6.98",
      "unit": "/pk",
      "original_price": "$8.49",
      "image_url": "https://www.galleriasm.com/images/Product/648436104215.JPG"
    },
    {
      "store": "Galleria",
      "name": "PALDO KING CUP HWA RAMYUN 110G",
      "price": "$1.98",
      "unit": "/ea",
      "original_price": "$2.49",
      "image_url": "https://www.galleriasm.com/images/Product/648436100620.jpg"
    },
    {
      "store": "Galleria",
      "name": "PALDO SEAFOOD CUP RAMYUN 110G",
      "price": "$1.98",
      "unit": "/ea",
      "original_price": "$2.99",
      "image_url": "https://www.galleriasm.com/images/Product/648436100552.jpg"
    },
    {
      "store": "Galleria",
      "name": "PALDO KING CUP BIBIMMEN II 115G",
      "price": "$1.98",
      "unit": "/ea",
      "original_price": "$2.49",
      "image_url": "https://www.galleriasm.com/images/Product/648436310654.jpg"
    },
    {
      "store": "Galleria",
      "name": "PALDO KING CUP VOLCANO CHICKEN CARBO 105G",
      "price": "$1.98",
      "unit": "/ea",
      "original_price": "$2.49",
      "image_url": "https://www.galleriasm.com/images/Product/648436310715.jpg"
    },
    {
      "store": "Galleria",
      "name": "PALDO KING CUP LOBSTER 110G",
      "price": "$1.98",
      "unit": "/ea",
      "original_price": "$2.49",
      "image_url": "https://www.galleriasm.com/images/Product/648436100279.jpg"
    },
    {
      "store": "Galleria",
      "name": "SHIRAKIKU SANUKI STYLE UDON 230G*5",
      "price": "$4.98",
      "unit": "/pk",
      "original_price": "$6.99",
      "image_url": "https://www.galleriasm.com/images/Product/074410443764.jpg"
    },
    {
      "store": "Galleria",
      "name": "MIZKAN NATTO TAMAGO SHOYU 46.5G*3",
      "price": "$2.48",
      "unit": "/pk",
      "original_price": "$3.99",
      "image_url": "https://www.galleriasm.com/images/Product/073575012143.jpg"
    },
    {
      "store": "Galleria",
      "name": "MIZKAN NATTO NIOWA 168.3G",
      "price": "$2.48",
      "unit": "/ea",
      "original_price": "$3.99",
      "image_url": "https://www.galleriasm.com/images/Product/073575010781.jpg"
    },
    {
      "store": "Galleria",
      "name": "MIZKAN NATTO UMEFU 135G",
      "price": "$2.48",
      "unit": "/ea",
      "original_price": "$3.49",
      "image_url": "https://www.galleriasm.com/images/Product/073575010811.jpg"
    },
    {
      "store": "Galleria",
      "name": "MIZKAN NATTO TOROMAME 45G*3",
      "price": "$2.48",
      "unit": "/pk",
      "original_price": "$3.99",
      "image_url": "https://www.galleriasm.com/images/Product/073575011115.jpg"
    },
    {
      "store": "Galleria",
      "name": "JB TAKOYAKI JUMBO 540G",
      "price": "$7.98",
      "unit": "/ea",
      "original_price": "$10.99",
      "image_url": "https://www.galleriasm.com/images/Product/011152846293.jpg"
    },
    {
      "store": "Galleria",
      "name": "SAMMI RICE CAKE 1.8KG",
      "price": "$23.98",
      "unit": "/ea",
      "original_price": "$28.99",
      "image_url": "https://www.galleriasm.com/images/Product/6289020504420.jpg"
    },
    {
      "store": "Galleria",
      "name": "SAMMI KOREAN TRADITIONAL CAKE ASSORRTED FLAVOR 1.8KG",
      "price": "$23.98",
      "unit": "/ea",
      "original_price": "$28.99",
      "image_url": "https://www.galleriasm.com/images/Product/6289020504390.jpg"
    },
    {
      "store": "Galleria",
      "name": "SAMMI SWEET RICE CAKE 2.4KG",
      "price": "$25.98",
      "unit": "/ea",
      "original_price": "$30.99",
      "image_url": "https://www.galleriasm.com/images/Product/6289020504444.jpg"
    },
    {
      "store": "Galleria",
      "name": "ORION CUSTARD SOFT CUP CAKE 276G",
      "price": "$5.98",
      "unit": "/pk",
      "original_price": "$7.49",
      "image_url": "https://www.galleriasm.com/images/Product/8801117984113.jpg"
    },
    {
      "store": "Galleria",
      "name": "HAITAI POLLAPO PEACH MULTI 120ML*5",
      "price": "$4.98",
      "unit": "/pk",
      "original_price": "$6.99",
      "image_url": "https://www.galleriasm.com/images/Product/8809713221199.JPG"
    },
    {
      "store": "Galleria",
      "name": "HAITAI POLLAPO GRAPE MULTI 120ML*5",
      "price": "$4.98",
      "unit": "/pk",
      "original_price": "$6.99",
      "image_url": "https://www.galleriasm.com/images/Product/8809713221175.jpg"
    },
    {
      "store": "Galleria",
      "name": "HAITAI POLLAPO SPORTS 120ML*5",
      "price": "$4.98",
      "unit": "/pk",
      "original_price": "$6.99",
      "image_url": "https://www.galleriasm.com/images/Product/8809713221861.jpg"
    },
    {
      "store": "Galleria",
      "name": "HAPI PUDDING CUP 240G*3",
      "price": "$3.48",
      "unit": "/pk",
      "original_price": "$3.99",
      "image_url": "https://www.galleriasm.com/images/Product/011152430508.jpg"
    },
    {
      "store": "Galleria",
      "name": "CHEWY INSEOLMI COOKIES 120G",
      "price": "$4.99",
      "unit": "/ea",
      "original_price": "N/A",
      "image_url": "https://www.galleriasm.com/images/Product/628902220144.jpg"
    },
    {
      "store": "Galleria",
      "name": "CHEWY RAINBOW COOKIES 120G",
      "price": "$4.99",
      "unit": "/ea",
      "original_price": "N/A",
      "image_url": "https://www.galleriasm.com/images/Product/628902220120.jpg"
    },
    {
      "store": "Galleria",
      "name": "CHEWY OREO COOKIES 120G",
      "price": "$4.99",
      "unit": "/ea",
      "original_price": "N/A",
      "image_url": "https://www.galleriasm.com/images/Product/628902220137.jpg"
    },
    {
      "store": "Galleria",
      "name": "PALDO RICE PUNCH 1.5L",
      "price": "$4.98",
      "unit": "/ea",
      "original_price": "$5.99",
      "image_url": "https://www.galleriasm.com/images/Product/648436122677.jpg"
    },
    {
      "store": "Galleria",
      "name": "ITOEN ROASTED GREEN TEA HOUJI CHA 2L",
      "price": "$5.98",
      "unit": "/ea",
      "original_price": "$7.99",
      "image_url": "https://www.galleriasm.com/images/Product/835143010711.jpg"
    },
    {
      "store": "Galleria",
      "name": "ITOEN GENMAI TEA 2L",
      "price": "$5.98",
      "unit": "/ea",
      "original_price": "$7.99",
      "image_url": "https://www.galleriasm.com/images/Product/835143010568.jpg"
    },
    {
      "store": "Galleria",
      "name": "ITOEN GREEN TEA 2L",
      "price": "$5.98",
      "unit": "/ea",
      "original_price": "$7.99",
      "image_url": "https://www.galleriasm.com/images/Product/835143016829.jpg"
    },
    {
      "store": "Galleria",
      "name": "PALDO PORORO WATER JELLY DRINK GRAPE FLAVOR 120ML*10",
      "price": "$12.98",
      "unit": "/pk",
      "original_price": "$16.99",
      "image_url": "https://www.galleriasm.com/images/Product/8809296886846.jpg"
    },
    {
      "store": "Galleria",
      "name": "PALDO PORORO WATER JELLY DRINK PEACH FLAVOR 120ML*10",
      "price": "$12.98",
      "unit": "/pk",
      "original_price": "$16.99",
      "image_url": "https://www.galleriasm.com/images/Product/8809296886839.jpg"
    },
    {
      "store": "Galleria",
      "name": "PALDO PORORO RED GINSENG DRINK ORANGE FLAVOUR 100ML*10",
      "price": "$9.98",
      "unit": "/pk",
      "original_price": "$12.99",
      "image_url": "https://www.galleriasm.com/images/Product/8809296886488.jpg"
    },
    {
      "store": "Galleria",
      "name": "PALDO PORORO RED GINSENG DRINK APPLE FLAVOUR 100ML*10",
      "price": "$9.98",
      "unit": "/pk",
      "original_price": "$12.99",
      "image_url": "https://www.galleriasm.com/images/Product/8809296885924.jpg"
    },
    {
      "store": "Galleria",
      "name": "PALDO PORORO RED GINSENG DRINK GRAPE FLAVOUR 100ML*10",
      "price": "$9.98",
      "unit": "/pk",
      "original_price": "$12.99",
      "image_url": "https://www.galleriasm.com/images/Product/8809296886020.jpg"
    },
    {
      "store": "Galleria",
      "name": "CHUNGS VEGEMIL BLACK BEAN ALMOND WALNUT SOYMILK 190ML*24",
      "price": "$24.98",
      "unit": "/pk",
      "original_price": "$29.99",
      "image_url": "https://www.galleriasm.com/images/Product/8801033804298.jpg"
    },
    {
      "store": "Galleria",
      "name": "SLOWFOOD BALLONFLOWER PEAR JUICE 2400G",
      "price": "$34.98",
      "unit": "/pk",
      "original_price": "$39.99",
      "image_url": "https://www.galleriasm.com/images/Product/8809355761046.jpg"
    },
    {
      "store": "Galleria",
      "name": "WOONGJIN BABA Hazelnut Flavor Pouch 190ML",
      "price": "$1.49",
      "unit": "/ea",
      "original_price": "N/A",
      "image_url": "https://www.galleriasm.com/images/Product/8801382147527.jpg"
    },
    {
      "store": "Galleria",
      "name": "WOONGJIN BABA Pineapple Ade Pouch 190ML",
      "price": "$1.49",
      "unit": "/ea",
      "original_price": "N/A",
      "image_url": "https://www.galleriasm.com/images/Product/8801382151654.jpg"
    },
    {
      "store": "Galleria",
      "name": "WOONGJIN BABA Caramel Macchiato Pouch 190ML",
      "price": "$1.49",
      "unit": "/ea",
      "original_price": "N/A",
      "image_url": "https://www.galleriasm.com/images/Product/8801382147541.jpg"
    },
    {
      "store": "Galleria",
      "name": "WOONGJIN BABA AppleMango Ade Pouch 190ML",
      "price": "$1.49",
      "unit": "/ea",
      "original_price": "N/A",
      "image_url": "https://www.galleriasm.com/images/Product/8801382151630.jpg"
    },
    {
      "store": "Galleria",
      "name": "WOONGJIN BABA Americano Pouch 190ML",
      "price": "$1.49",
      "unit": "/ea",
      "original_price": "N/A",
      "image_url": "https://www.galleriasm.com/images/Product/8801382147503.jpg"
    },
    {
      "store": "Galleria",
      "name": "WOONGJIN BABA Watermelon Ade Pouch 190ML",
      "price": "$1.49",
      "unit": "/ea",
      "original_price": "N/A",
      "image_url": "https://www.galleriasm.com/images/Product/8801382147794.jpg"
    },
    {
      "store": "Galleria",
      "name": "WOONGJIN BABA ShineMuscat Ade Pouch 190ML",
      "price": "$1.49",
      "unit": "/ea",
      "original_price": "N/A",
      "image_url": "https://www.galleriasm.com/images/Product/8801382150466.jpg"
    },
    {
      "store": "Galleria",
      "name": "WOONGJIN BABA Bluelemon Ade Pouch 190ML",
      "price": "$1.49",
      "unit": "/ea",
      "original_price": "N/A",
      "image_url": "https://www.galleriasm.com/images/Product/8801382147770.jpg"
    },
    {
      "store": "Galleria",
      "name": "WELLBEING ICE CUP GRANDE 300G",
      "price": "$1.98",
      "unit": "/ea",
      "original_price": "$2.49",
      "image_url": "https://www.galleriasm.com/images/Product/8809418770305.jpg"
    },
    {
      "store": "Galleria",
      "name": "WELLBEING ICE CUP LARGE 220G",
      "price": "$1.78",
      "unit": "/ea",
      "original_price": "$1.99",
      "image_url": "https://www.galleriasm.com/images/Product/8809418770220.jpg"
    },
    {
      "store": "Galleria",
      "name": "KIDARI INSTANT NOODLE ANCHOVY FLAVOR 196.5G",
      "price": "$3.48",
      "unit": "/ea",
      "original_price": "$4.49",
      "image_url": "https://www.galleriasm.com/images/Product/8809393810515.jpg"
    },
    {
      "store": "Galleria",
      "name": "KIDARI INSTANT NOODLE KIMCHI FLAVOR 196G",
      "price": "$3.48",
      "unit": "/ea",
      "original_price": "$4.49",
      "image_url": "https://www.galleriasm.com/images/Product/8809393810263.jpg"
    },
    {
      "store": "Galleria",
      "name": "KIDARI INSTANT NOODLE SPICY SOUP FLAVOR 199.5G",
      "price": "$3.48",
      "unit": "/ea",
      "original_price": "$4.49",
      "image_url": "https://www.galleriasm.com/images/Product/8809393810553.jpg"
    },
    {
      "store": "Galleria",
      "name": "KIDARI INSTANT BIBIM NOODLE WITH WHELK 389G",
      "price": "$7.98",
      "unit": "/ea",
      "original_price": "$9.99",
      "image_url": "https://www.galleriasm.com/images/Product/8809393810522.jpg"
    }
  ],
  "tnt_supermarket": [
    {
      "name": "Mini Seedless Watermelon (~2lb)",
      "price": "$2.50",
      "unit": "N/A",
      "original_price": "$5.99",
      "image_url": "https://www.tntsupermarket.com/media/catalog/product/cache/ad090bb053b58bc42f88d3483efa05b3/m/i/mini-watermelon.jpg",
      "store": "tnt_supermarket"
    },
    {
      "name": "Bok-Choy - Short (2lbs)",
      "price": "$1.27",
      "unit": "/lb",
      "original_price": "$1.77",
      "image_url": "https://www.tntsupermarket.com/media/catalog/product/cache/ad090bb053b58bc42f88d3483efa05b3/0/5/050407_v.jpg",
      "store": "tnt_supermarket"
    },
    {
      "name": "Fresh Norwegian Salmon Fillet (3lbs)",
      "price": "$8.98",
      "unit": "/lb",
      "original_price": "$17.01",
      "image_url": "https://www.tntsupermarket.com/media/catalog/product/cache/ad090bb053b58bc42f88d3483efa05b3/f/j/fjord_trout_portion_1-min-600x600.jpg",
      "store": "tnt_supermarket"
    },
    {
      "name": "Hua Yang White Shrimp Headless (260g)",
      "price": "$4.97",
      "unit": "N/A",
      "original_price": "$5.99",
      "image_url": "https://www.tntsupermarket.com/media/catalog/product/cache/ad090bb053b58bc42f88d3483efa05b3/7/3/7347890101743528801.jpg",
      "store": "tnt_supermarket"
    },
    {
      "name": "Chicken Wings (3lbs)",
      "price": "$3.39",
      "unit": "/lb",
      "original_price": "$3.99",
      "image_url": "https://www.tntsupermarket.com/media/catalog/product/cache/ad090bb053b58bc42f88d3483efa05b3/0/3/030320-1.jpg",
      "store": "tnt_supermarket"
    },
    {
      "name": "Han-Ka Cut Cabbage Kimchi- Small (400g)",
      "price": "$5.47",
      "unit": "N/A",
      "original_price": "$6.49",
      "image_url": "https://www.tntsupermarket.com/media/catalog/product/cache/ad090bb053b58bc42f88d3483efa05b3/7/3/7357100101590997045_1.jpg",
      "store": "tnt_supermarket"
    },
    {
      "name": "Han-Ka Cut Cabbage Kimchi- Medium (1kg)",
      "price": "$10.97",
      "unit": "N/A",
      "original_price": "$13.49",
      "image_url": "https://www.tntsupermarket.com/media/catalog/product/cache/ad090bb053b58bc42f88d3483efa05b3/7/3/7357110101590997059_1.jpg",
      "store": "tnt_supermarket"
    },
    {
      "name": "Han-Ka Cut Cabbage Kimchi-Large (1.5kg)",
      "price": "$15.47",
      "unit": "N/A",
      "original_price": "$17.99",
      "image_url": "https://www.tntsupermarket.com/media/catalog/product/cache/ad090bb053b58bc42f88d3483efa05b3/7/9/7936110101752598335.jpg",
      "store": "tnt_supermarket"
    },
    {
      "name": "Five Rams Hami Melon Ice Cream Cone (5x73g)",
      "price": "$5.99",
      "unit": "N/A",
      "original_price": "$6.99",
      "image_url": "https://www.tntsupermarket.com/media/catalog/product/cache/ad090bb053b58bc42f88d3483efa05b3/5/3/536615_1.jpg",
      "store": "tnt_supermarket"
    },
    {
      "name": "Five Rams Chocolate Cone (5x73g)",
      "price": "$5.99",
      "unit": "N/A",
      "original_price": "$6.99",
      "image_url": "https://www.tntsupermarket.com/media/catalog/product/cache/ad090bb053b58bc42f88d3483efa05b3/5/3/536616_1.jpg",
      "store": "tnt_supermarket"
    },
    {
      "name": "Five Rams Taro Ice Cream Cone (5x73g)",
      "price": "$5.99",
      "unit": "N/A",
      "original_price": "$6.99",
      "image_url": "https://www.tntsupermarket.com/media/catalog/product/cache/ad090bb053b58bc42f88d3483efa05b3/5/3/536617_1.jpg",
      "store": "tnt_supermarket"
    },
    {
      "name": "Five Rams Mixed Flavoured Ice Cream Cone (5x73g)",
      "price": "$5.99",
      "unit": "N/A",
      "original_price": "$6.99",
      "image_url": "https://www.tntsupermarket.com/media/catalog/product/cache/ad090bb053b58bc42f88d3483efa05b3/5/3/536618_1.jpg",
      "store": "tnt_supermarket"
    },
    {
      "name": "Nissin Tonkotsu Cup Noodles - Big(102g)",
      "price": "$1.99",
      "unit": "N/A",
      "original_price": "$2.99",
      "image_url": "https://www.tntsupermarket.com/media/catalog/product/cache/ad090bb053b58bc42f88d3483efa05b3/5/0/5017000101601376824_1.jpg",
      "store": "tnt_supermarket"
    },
    {
      "name": "Nissin Seafood Cup Noodles - Big (99g)",
      "price": "$1.99",
      "unit": "N/A",
      "original_price": "$2.99",
      "image_url": "https://www.tntsupermarket.com/media/catalog/product/cache/ad090bb053b58bc42f88d3483efa05b3/7/6/7623140101591871588_1.jpg",
      "store": "tnt_supermarket"
    },
    {
      "name": "Vita Lemon Tea (250mLx6)",
      "price": "$3.99",
      "unit": "N/A",
      "original_price": "$5.59",
      "image_url": "https://www.tntsupermarket.com/media/catalog/product/cache/ad090bb053b58bc42f88d3483efa05b3/6/6/661239_1.jpg",
      "store": "tnt_supermarket"
    },
    {
      "name": "Vita Chrysanthemum Tea (250mLx6)",
      "price": "$3.99",
      "unit": "N/A",
      "original_price": "$5.59",
      "image_url": "https://www.tntsupermarket.com/media/catalog/product/cache/ad090bb053b58bc42f88d3483efa05b3/6/6/6612380101672426260_1.jpg",
      "store": "tnt_supermarket"
    },
    {
      "name": "Vitasoy Regular Soy Drink (250mLx6)",
      "price": "$3.99",
      "unit": "N/A",
      "original_price": "$5.59",
      "image_url": "https://www.tntsupermarket.com/media/catalog/product/cache/ad090bb053b58bc42f88d3483efa05b3/6/6/6612300101672426252_1.jpg",
      "store": "tnt_supermarket"
    },
    {
      "name": "Vitasoy Malt Soy Drink (250mLx6)",
      "price": "$3.99",
      "unit": "N/A",
      "original_price": "$5.59",
      "image_url": "https://www.tntsupermarket.com/media/catalog/product/cache/ad090bb053b58bc42f88d3483efa05b3/6/6/6612310101672426254_1.jpg",
      "store": "tnt_supermarket"
    },
    {
      "name": "Vitasoy Less Sugar Soy Drink (250mLx6)",
      "price": "$3.99",
      "unit": "N/A",
      "original_price": "$5.59",
      "image_url": "https://www.tntsupermarket.com/media/catalog/product/cache/ad090bb053b58bc42f88d3483efa05b3/7/0/7070520101672426331_1.jpg",
      "store": "tnt_supermarket"
    },
    {
      "name": "T&T Thai Jasmine Rice (8.2kg / 18lb)",
      "price": "$15.97",
      "unit": "N/A",
      "original_price": "$18.99",
      "image_url": "https://www.tntsupermarket.com/media/catalog/product/cache/ad090bb053b58bc42f88d3483efa05b3/7/5/7555140101601382752_1.jpg",
      "store": "tnt_supermarket"
    },
    {
      "name": "Dettol Antiseptic Liquid (1L)",
      "price": "$9.88",
      "unit": "N/A",
      "original_price": "$12.99",
      "image_url": "https://www.tntsupermarket.com/media/catalog/product/cache/ad090bb053b58bc42f88d3483efa05b3/6/6/6672440101591865993_1.jpg",
      "store": "tnt_supermarket"
    },
    {
      "name": "TC Foods Pork, Shrimp & Leek Gyoza (980g)",
      "price": "$7.97",
      "unit": "N/A",
      "original_price": "$9.99",
      "image_url": "https://www.tntsupermarket.com/media/catalog/product/cache/ad090bb053b58bc42f88d3483efa05b3/5/3/5342640101744399218.jpg",
      "store": "tnt_supermarket"
    },
    {
      "name": "Synear Mixed Vegetable Dumpling (500g)",
      "price": "$3.84",
      "unit": "N/A",
      "original_price": "$4.99",
      "image_url": "https://www.tntsupermarket.com/media/catalog/product/cache/ad090bb053b58bc42f88d3483efa05b3/7/2/7222950101680802735_1.jpg",
      "store": "tnt_supermarket"
    },
    {
      "name": "Synear Mushroom & Vegetable Dumpling (500g)",
      "price": "$3.84",
      "unit": "N/A",
      "original_price": "$4.99",
      "image_url": "https://www.tntsupermarket.com/media/catalog/product/cache/ad090bb053b58bc42f88d3483efa05b3/7/6/7600350101751574811.jpg",
      "store": "tnt_supermarket"
    },
    {
      "name": "Synear Chive & Egg Vegetable Dumpling (500g)",
      "price": "$3.84",
      "unit": "N/A",
      "original_price": "$4.99",
      "image_url": "https://www.tntsupermarket.com/media/catalog/product/cache/ad090bb053b58bc42f88d3483efa05b3/7/6/7600390101603084420_1.jpg",
      "store": "tnt_supermarket"
    },
    {
      "name": "Asian Choice Steamed Mushroom & Pork Gyoza (460g)",
      "price": "$5.97",
      "unit": "N/A",
      "original_price": "$6.99",
      "image_url": "https://www.tntsupermarket.com/media/catalog/product/cache/ad090bb053b58bc42f88d3483efa05b3/5/2/5210160101751574608.jpg",
      "store": "tnt_supermarket"
    },
    {
      "name": "Asian Choice Frozen Cooked (460g)",
      "price": "$5.97",
      "unit": "N/A",
      "original_price": "$6.99",
      "image_url": "https://www.tntsupermarket.com/media/catalog/product/cache/ad090bb053b58bc42f88d3483efa05b3/5/2/5210170101683213733_1.jpg",
      "store": "tnt_supermarket"
    },
    {
      "name": "Aisan Choice Corn & Pork Dumplings (460g)",
      "price": "$5.97",
      "unit": "N/A",
      "original_price": "$6.99",
      "image_url": "https://www.tntsupermarket.com/media/catalog/product/cache/ad090bb053b58bc42f88d3483efa05b3/5/2/5210180101724335815_1.jpg",
      "store": "tnt_supermarket"
    },
    {
      "name": "Pulmuone Thin Wrap Pork & Vegetable Dumplings (560g)",
      "price": "$10.97",
      "unit": "N/A",
      "original_price": "$15.99",
      "image_url": "https://www.tntsupermarket.com/media/catalog/product/cache/ad090bb053b58bc42f88d3483efa05b3/5/3/5352940101752598241.jpg",
      "store": "tnt_supermarket"
    },
    {
      "name": "Sun On Dumpling Wrappers (450g)",
      "price": "$1.99",
      "unit": "N/A",
      "original_price": "$2.29",
      "image_url": "https://www.tntsupermarket.com/media/catalog/product/cache/ad090bb053b58bc42f88d3483efa05b3/6/3/6376760101590994379_1.jpg",
      "store": "tnt_supermarket"
    },
    {
      "name": "Sun On wonton Wrappers (454g)",
      "price": "$1.99",
      "unit": "N/A",
      "original_price": "$2.29",
      "image_url": "https://www.tntsupermarket.com/media/catalog/product/cache/ad090bb053b58bc42f88d3483efa05b3/6/3/6376770101590994395_1.jpg",
      "store": "tnt_supermarket"
    },
    {
      "name": "Sun On Wonton Wrappers (220g)",
      "price": "$1.99",
      "unit": "N/A",
      "original_price": "$2.29",
      "image_url": "https://www.tntsupermarket.com/media/catalog/product/cache/ad090bb053b58bc42f88d3483efa05b3/6/3/6376780101590994407_1.jpg",
      "store": "tnt_supermarket"
    },
    {
      "name": "Sun On Shanghai Dumpling Wrappers (454g)",
      "price": "$1.99",
      "unit": "N/A",
      "original_price": "$2.29",
      "image_url": "https://www.tntsupermarket.com/media/catalog/product/cache/ad090bb053b58bc42f88d3483efa05b3/6/3/6394630101590994552_1.jpg",
      "store": "tnt_supermarket"
    },
    {
      "name": "T&T Pork and Cabbage Dumplings (454g)",
      "price": "$4.99",
      "unit": "N/A",
      "original_price": "$5.99",
      "image_url": "https://www.tntsupermarket.com/media/catalog/product/cache/ad090bb053b58bc42f88d3483efa05b3/7/8/788174_-_t_t_t_t_pork_cabbage_dumpling.jpg",
      "store": "tnt_supermarket"
    },
    {
      "name": "T&T Pork and Leek Dumplings (454g)",
      "price": "$4.99",
      "unit": "N/A",
      "original_price": "$5.99",
      "image_url": "https://www.tntsupermarket.com/media/catalog/product/cache/ad090bb053b58bc42f88d3483efa05b3/7/8/788175_1.jpg",
      "store": "tnt_supermarket"
    },
    {
      "name": "T&T Pork and Mushroom Dumplings (454g)",
      "price": "$4.99",
      "unit": "N/A",
      "original_price": "$5.99",
      "image_url": "https://www.tntsupermarket.com/media/catalog/product/cache/ad090bb053b58bc42f88d3483efa05b3/7/8/788176_1.jpg",
      "store": "tnt_supermarket"
    },
    {
      "name": "T&T Pork and Shrimp Dumplings (454g)",
      "price": "$4.99",
      "unit": "N/A",
      "original_price": "$5.99",
      "image_url": "https://www.tntsupermarket.com/media/catalog/product/cache/ad090bb053b58bc42f88d3483efa05b3/7/8/788177-1.jpg",
      "store": "tnt_supermarket"
    },
    {
      "name": "Lee Kum Kee Minced Garlic (326g)",
      "price": "$4.97",
      "unit": "N/A",
      "original_price": "$7.99",
      "image_url": "https://www.tntsupermarket.com/media/catalog/product/cache/ad090bb053b58bc42f88d3483efa05b3/6/3/6320160101591863249_1.jpg",
      "store": "tnt_supermarket"
    },
    {
      "name": "Heng Shun Vinegar (550ml)",
      "price": "$1.97",
      "unit": "N/A",
      "original_price": "$2.79",
      "image_url": "https://www.tntsupermarket.com/media/catalog/product/cache/ad090bb053b58bc42f88d3483efa05b3/6/4/64098701.jpg",
      "store": "tnt_supermarket"
    },
    {
      "name": "Heng Shun Three-Year-Aged Zhenjiang Vinegar (580mL)",
      "price": "$5.97",
      "unit": "N/A",
      "original_price": "$8.49",
      "image_url": "https://www.tntsupermarket.com/media/catalog/product/cache/ad090bb053b58bc42f88d3483efa05b3/7/5/75145301.jpg",
      "store": "tnt_supermarket"
    },
    {
      "name": "Hengshun 6 Years Balsamic Vinegar (580ml)",
      "price": "$6.97",
      "unit": "N/A",
      "original_price": "$8.59",
      "image_url": "https://www.tntsupermarket.com/media/catalog/product/cache/ad090bb053b58bc42f88d3483efa05b3/7/5/75145401.jpg",
      "store": "tnt_supermarket"
    },
    {
      "name": "Hengshun 8 Years Vinegar (300ml)",
      "price": "$7.97",
      "unit": "N/A",
      "original_price": "$9.99",
      "image_url": "https://www.tntsupermarket.com/media/catalog/product/cache/ad090bb053b58bc42f88d3483efa05b3/7/5/7567580101601382815_1.jpg",
      "store": "tnt_supermarket"
    },
    {
      "name": "Haday Soy Sauce (750ml)",
      "price": "$3.97",
      "unit": "N/A",
      "original_price": "$4.99",
      "image_url": "https://www.tntsupermarket.com/media/catalog/product/cache/ad090bb053b58bc42f88d3483efa05b3/7/5/7512480101672426403_1.jpg",
      "store": "tnt_supermarket"
    },
    {
      "name": "Haday Signature Oyster Flavoured Sauce (725g)",
      "price": "$3.97",
      "unit": "N/A",
      "original_price": "$4.99",
      "image_url": "https://www.tntsupermarket.com/media/catalog/product/cache/ad090bb053b58bc42f88d3483efa05b3/7/8/7809990101591173671_1.jpg",
      "store": "tnt_supermarket"
    },
    {
      "name": "T&T Bamboo Steamer Set (8 inch)",
      "price": "$11.87",
      "unit": "N/A",
      "original_price": "$14.99",
      "image_url": "https://www.tntsupermarket.com/media/catalog/product/cache/ad090bb053b58bc42f88d3483efa05b3/7/7/7790000101591874435_1.jpg",
      "store": "tnt_supermarket"
    },
    {
      "name": "T&T Bamboo Steamer Set (10 inch)",
      "price": "$13.87",
      "unit": "N/A",
      "original_price": "$18.99",
      "image_url": "https://www.tntsupermarket.com/media/catalog/product/cache/ad090bb053b58bc42f88d3483efa05b3/7/7/7790010101591874455_1.jpg",
      "store": "tnt_supermarket"
    },
    {
      "name": "T&T Bamboo Steamer Set (12 inch)",
      "price": "$15.87",
      "unit": "N/A",
      "original_price": "$21.99",
      "image_url": "https://www.tntsupermarket.com/media/catalog/product/cache/ad090bb053b58bc42f88d3483efa05b3/7/7/7790020101591874473_1.jpg",
      "store": "tnt_supermarket"
    },
    {
      "name": "T&T 3 Tiers Steamer Set 30cm",
      "price": "$48.97",
      "unit": "N/A",
      "original_price": "$66.99",
      "image_url": "https://www.tntsupermarket.com/media/catalog/product/cache/ad090bb053b58bc42f88d3483efa05b3/5/1/5117400101666813213_1.jpg",
      "store": "tnt_supermarket"
    },
    {
      "name": "T&T 3 Tiers Steamer Set (32cm)",
      "price": "$52.97",
      "unit": "N/A",
      "original_price": "$76.99",
      "image_url": "https://www.tntsupermarket.com/media/catalog/product/cache/ad090bb053b58bc42f88d3483efa05b3/5/1/5117410141652124909_1.jpg",
      "store": "tnt_supermarket"
    },
    {
      "name": "Springlamb RWA Grass Fed Bone-In Lamb Shank (3lbs)",
      "price": "$8.99",
      "unit": "/lb",
      "original_price": "$10.98",
      "image_url": "https://www.tntsupermarket.com/media/catalog/product/cache/ad090bb053b58bc42f88d3483efa05b3/0/3/030236---rwa-lamb-shank_2021-_1_.jpg",
      "store": "tnt_supermarket"
    },
    {
      "name": "Spring Lamb RWA Grass Fed Boneless Lamb Shoulder (3.5lbs)",
      "price": "$9.99",
      "unit": "/lb",
      "original_price": "$12.97",
      "image_url": "https://www.tntsupermarket.com/media/catalog/product/cache/ad090bb053b58bc42f88d3483efa05b3/0/3/030275_1.png",
      "store": "tnt_supermarket"
    },
    {
      "name": "Frozen Lamb Loin Chop (1 kg)",
      "price": "$11.99",
      "unit": "N/A",
      "original_price": "$15.99",
      "image_url": "https://www.tntsupermarket.com/media/catalog/product/cache/ad090bb053b58bc42f88d3483efa05b3/7/7/777640_t_rwa_lamb_loin_chop.jpg",
      "store": "tnt_supermarket"
    },
    {
      "name": "RWA Lamb Cube (~2.5lbs)",
      "price": "$11.99",
      "unit": "/lb",
      "original_price": "$13.97",
      "image_url": "https://www.tntsupermarket.com/media/catalog/product/cache/ad090bb053b58bc42f88d3483efa05b3/0/3/0339620101685116880_1.jpg",
      "store": "tnt_supermarket"
    },
    {
      "name": "Rosemary Garlic Lamb Racks (354g)",
      "price": "$21.99",
      "unit": "N/A",
      "original_price": "$26.99",
      "image_url": "https://www.tntsupermarket.com/media/catalog/product/cache/ad090bb053b58bc42f88d3483efa05b3/6/4/648521_frozen_rosemary_garlic_lamb_racks.jpg",
      "store": "tnt_supermarket"
    },
    {
      "name": "Specialty Lychee  (1.5lbs)",
      "price": "$2.98",
      "unit": "/lb",
      "original_price": "$4.99",
      "image_url": "https://www.tntsupermarket.com/media/catalog/product/cache/ad090bb053b58bc42f88d3483efa05b3/0/5/050279_1.jpg",
      "store": "tnt_supermarket"
    },
    {
      "name": "Sun Mango (2.5lbs)",
      "price": "$3.98",
      "unit": "/lb",
      "original_price": "$4.99",
      "image_url": "https://www.tntsupermarket.com/media/catalog/product/cache/ad090bb053b58bc42f88d3483efa05b3/0/5/050994_1_1.jpg",
      "store": "tnt_supermarket"
    },
    {
      "name": "Fresh Durian (7lbs)",
      "price": "$7.77",
      "unit": "/lb",
      "original_price": "$9.98",
      "image_url": "https://www.tntsupermarket.com/media/catalog/product/cache/ad090bb053b58bc42f88d3483efa05b3/0/5/050256_1.jpg",
      "store": "tnt_supermarket"
    },
    {
      "name": "Bitter Melon  (1.5lbs)",
      "price": "$1.77",
      "unit": "/lb",
      "original_price": "$3.99",
      "image_url": "https://www.tntsupermarket.com/media/catalog/product/cache/ad090bb053b58bc42f88d3483efa05b3/0/5/050416_2.jpg",
      "store": "tnt_supermarket"
    },
    {
      "name": "Lotus Root (2.5lbs)",
      "price": "$1.98",
      "unit": "/lb",
      "original_price": "$2.27",
      "image_url": "https://www.tntsupermarket.com/media/catalog/product/cache/ad090bb053b58bc42f88d3483efa05b3/0/5/050115_v_1.jpg",
      "store": "tnt_supermarket"
    },
    {
      "name": "Organic Black Oyster Mushroom (150g)",
      "price": "$2.50",
      "unit": "N/A",
      "original_price": "$2.98",
      "image_url": "https://www.tntsupermarket.com/media/catalog/product/cache/ad090bb053b58bc42f88d3483efa05b3/7/6/7605500101591001462_1.jpg",
      "store": "tnt_supermarket"
    },
    {
      "name": "Crown Broccoli (2lbs)",
      "price": "$1.48",
      "unit": "/lb",
      "original_price": "$1.91",
      "image_url": "https://www.tntsupermarket.com/media/catalog/product/cache/ad090bb053b58bc42f88d3483efa05b3/0/5/050412_9.jpg",
      "store": "tnt_supermarket"
    },
    {
      "name": "Frozen Giant Grenadier Steak (2lbs)",
      "price": "$5.99",
      "unit": "/lb",
      "original_price": "$7.98",
      "image_url": "https://www.tntsupermarket.com/media/catalog/product/cache/ad090bb053b58bc42f88d3483efa05b3/0/4/0409470101713208803_1.jpg",
      "store": "tnt_supermarket"
    },
    {
      "name": "Frozen Raw Abalone Meat (110g)",
      "price": "$6.97",
      "unit": "N/A",
      "original_price": "$8.99",
      "image_url": "https://www.tntsupermarket.com/media/catalog/product/cache/ad090bb053b58bc42f88d3483efa05b3/7/8/783487_1.jpg",
      "store": "tnt_supermarket"
    },
    {
      "name": "Frozen Jumbo Scallop U10 (340g)",
      "price": "$17.97",
      "unit": "N/A",
      "original_price": "$21.99",
      "image_url": "https://www.tntsupermarket.com/media/catalog/product/cache/ad090bb053b58bc42f88d3483efa05b3/5/0/5070520101752598207.jpg",
      "store": "tnt_supermarket"
    },
    {
      "name": "IQF Easy Peeled Tigershrimp 13/15 (1lb)",
      "price": "$11.97",
      "unit": "N/A",
      "original_price": "$14.99",
      "image_url": "https://www.tntsupermarket.com/media/catalog/product/cache/ad090bb053b58bc42f88d3483efa05b3/7/8/788218_1.jpg",
      "store": "tnt_supermarket"
    },
    {
      "name": "Frozen Unagi Eel (9oz)",
      "price": "$8.99",
      "unit": "N/A",
      "original_price": "$10.99",
      "image_url": "https://www.tntsupermarket.com/media/catalog/product/cache/ad090bb053b58bc42f88d3483efa05b3/7/9/793098-753462_-_frozen_eel-new.jpg",
      "store": "tnt_supermarket"
    },
    {
      "name": "Frozen Seasoned Seabass (400g)",
      "price": "$6.99",
      "unit": "N/A",
      "original_price": "$7.99",
      "image_url": "https://www.tntsupermarket.com/media/catalog/product/cache/ad090bb053b58bc42f88d3483efa05b3/5/1/519310_1_1.jpg",
      "store": "tnt_supermarket"
    },
    {
      "name": "Frozen Squid Skewer (800g)",
      "price": "$16.99",
      "unit": "N/A",
      "original_price": "$19.99",
      "image_url": "https://www.tntsupermarket.com/media/catalog/product/cache/ad090bb053b58bc42f88d3483efa05b3/5/2/5296830101720730427_1.jpg",
      "store": "tnt_supermarket"
    },
    {
      "name": "Frozen Squid Arms Skewer (680g)",
      "price": "$12.99",
      "unit": "N/A",
      "original_price": "$14.99",
      "image_url": "https://www.tntsupermarket.com/media/catalog/product/cache/ad090bb053b58bc42f88d3483efa05b3/5/2/5296870101723668899_1.jpg",
      "store": "tnt_supermarket"
    },
    {
      "name": "Fresh Boneless Pork Shoulder Butt (3lb)",
      "price": "$3.39",
      "unit": "/lb",
      "original_price": "$4.99",
      "image_url": "https://www.tntsupermarket.com/media/catalog/product/cache/ad090bb053b58bc42f88d3483efa05b3/0/3/03012301_4.jpg",
      "store": "tnt_supermarket"
    },
    {
      "name": "Fresh RWA Bone-In Pork Chop Value Pack (3lb)",
      "price": "$3.99",
      "unit": "/lb",
      "original_price": "$6.99",
      "image_url": "https://www.tntsupermarket.com/media/catalog/product/cache/ad090bb053b58bc42f88d3483efa05b3/0/3/033443_1_1.jpg",
      "store": "tnt_supermarket"
    },
    {
      "name": "RWA Fresh Pork Side Rib-Cut (3lb)",
      "price": "$6.99",
      "unit": "/lb",
      "original_price": "$8.98",
      "image_url": "https://www.tntsupermarket.com/media/catalog/product/cache/ad090bb053b58bc42f88d3483efa05b3/3/3/33863-_pork_side_ribs_fresh_centre_cut_.jpg",
      "store": "tnt_supermarket"
    },
    {
      "name": "Beef Shank Digital Muscle (2lbs)",
      "price": "$8.99",
      "unit": "/lb",
      "original_price": "$9.98",
      "image_url": "https://www.tntsupermarket.com/media/catalog/product/cache/ad090bb053b58bc42f88d3483efa05b3/0/3/033275_1.png",
      "store": "tnt_supermarket"
    },
    {
      "name": "Fresh Beef Finger Meat (5lb)",
      "price": "$9.99",
      "unit": "/lb",
      "original_price": "$12.97",
      "image_url": "https://www.tntsupermarket.com/media/catalog/product/cache/ad090bb053b58bc42f88d3483efa05b3/0/3/033995_1.jpg",
      "store": "tnt_supermarket"
    },
    {
      "name": "Fresh RWA Chicken (1pc)",
      "price": "$10.99",
      "unit": "N/A",
      "original_price": "$11.97",
      "image_url": "https://www.tntsupermarket.com/media/catalog/product/cache/ad090bb053b58bc42f88d3483efa05b3/0/3/033600_1.jpg",
      "store": "tnt_supermarket"
    },
    {
      "name": "Frozen Beef Brisket Rolls (~1.6lbs)",
      "price": "$10.99",
      "unit": "/lb",
      "original_price": "$12.97",
      "image_url": "https://www.tntsupermarket.com/media/catalog/product/cache/ad090bb053b58bc42f88d3483efa05b3/0/3/030202_1_1.jpg",
      "store": "tnt_supermarket"
    },
    {
      "name": "Lamb Shoulder Bs Roll (2lbs)",
      "price": "$11.99",
      "unit": "/lb",
      "original_price": "$13.97",
      "image_url": "https://www.tntsupermarket.com/media/catalog/product/cache/ad090bb053b58bc42f88d3483efa05b3/0/3/033223_033284_-_lamb_shoulder_sliced_rolls_nov2015_by_lb.jpg",
      "store": "tnt_supermarket"
    },
    {
      "name": "RWA Beef Short Ribs (3lbs)",
      "price": "$14.99",
      "unit": "/lb",
      "original_price": "$16.01",
      "image_url": "https://www.tntsupermarket.com/media/catalog/product/cache/ad090bb053b58bc42f88d3483efa05b3/0/3/030228-1.jpg",
      "store": "tnt_supermarket"
    },
    {
      "name": "Fresh Hormone Free Chicken (900g)",
      "price": "$15.99",
      "unit": "N/A",
      "original_price": "$19.99",
      "image_url": "https://www.tntsupermarket.com/media/catalog/product/cache/ad090bb053b58bc42f88d3483efa05b3/0/3/0333760101609147617_1.jpg",
      "store": "tnt_supermarket"
    },
    {
      "name": "Fresh Beef  New York Striploin (2lbs)",
      "price": "$13.99",
      "unit": "/lb",
      "original_price": "$17.01",
      "image_url": "https://www.tntsupermarket.com/media/catalog/product/cache/ad090bb053b58bc42f88d3483efa05b3/0/3/030225.jpg",
      "store": "tnt_supermarket"
    },
    {
      "name": "RWA Duck Wings (6lbs)",
      "price": "$1.79",
      "unit": "/lb",
      "original_price": "$2.99",
      "image_url": "https://www.tntsupermarket.com/media/catalog/product/cache/ad090bb053b58bc42f88d3483efa05b3/0/3/033366_1.jpg",
      "store": "tnt_supermarket"
    },
    {
      "name": "Pork Chop in Lemongrass Sauce Fresh (454g)",
      "price": "$7.99",
      "unit": "N/A",
      "original_price": "$9.99",
      "image_url": "https://www.tntsupermarket.com/media/catalog/product/cache/ad090bb053b58bc42f88d3483efa05b3/7/8/782215_1.jpg",
      "store": "tnt_supermarket"
    },
    {
      "name": "Tomatoes  (1.5lbs)",
      "price": "$0.98",
      "unit": "/lb",
      "original_price": "$1.50",
      "image_url": "https://www.tntsupermarket.com/media/catalog/product/cache/ad090bb053b58bc42f88d3483efa05b3/t/o/tomato_1.jpg",
      "store": "tnt_supermarket"
    },
    {
      "name": "Thai Gold Headless White Shrimp 8/12 (380g)",
      "price": "$11.97",
      "unit": "N/A",
      "original_price": "$14.99",
      "image_url": "https://www.tntsupermarket.com/media/catalog/product/cache/ad090bb053b58bc42f88d3483efa05b3/5/3/5358120101750963888.jpg",
      "store": "tnt_supermarket"
    },
    {
      "name": "T&T Shrimp and Chicken Potstickers (1.14kg)",
      "price": "$9.97",
      "unit": "N/A",
      "original_price": "$12.99",
      "image_url": "https://www.tntsupermarket.com/media/catalog/product/cache/ad090bb053b58bc42f88d3483efa05b3/5/2/5273330101737065456.jpg",
      "store": "tnt_supermarket"
    },
    {
      "name": "T&T Pork & Leek Dumplings (1.2kg)",
      "price": "$9.97",
      "unit": "N/A",
      "original_price": "$11.99",
      "image_url": "https://www.tntsupermarket.com/media/catalog/product/cache/ad090bb053b58bc42f88d3483efa05b3/7/6/765709_pork_leek_dumplings_family_pack_1.2kg.jpg",
      "store": "tnt_supermarket"
    },
    {
      "name": "T&T Pork & Cabbage Dumplings (1.2kg)",
      "price": "$9.97",
      "unit": "N/A",
      "original_price": "$11.99",
      "image_url": "https://www.tntsupermarket.com/media/catalog/product/cache/ad090bb053b58bc42f88d3483efa05b3/7/6/7657100101590998314_1.jpg",
      "store": "tnt_supermarket"
    },
    {
      "name": "T&T Chicken & Corn Dumplings (1.2kg)",
      "price": "$9.97",
      "unit": "N/A",
      "original_price": "$11.99",
      "image_url": "https://www.tntsupermarket.com/media/catalog/product/cache/ad090bb053b58bc42f88d3483efa05b3/7/7/7749630101590998573_1.jpg",
      "store": "tnt_supermarket"
    },
    {
      "name": "T&T Gyoza Dumplings with Vegetables, Pork & Beef (1200g)",
      "price": "$9.97",
      "unit": "N/A",
      "original_price": "$11.99",
      "image_url": "https://www.tntsupermarket.com/media/catalog/product/cache/ad090bb053b58bc42f88d3483efa05b3/7/8/780530_1.jpg",
      "store": "tnt_supermarket"
    },
    {
      "name": "Nishiki Premium Brown Rice (15lbs)",
      "price": "$27.97",
      "unit": "N/A",
      "original_price": "$32.99",
      "image_url": "https://www.tntsupermarket.com/media/catalog/product/cache/ad090bb053b58bc42f88d3483efa05b3/7/3/7343540101627936314_1.jpg",
      "store": "tnt_supermarket"
    },
    {
      "name": "Nishiki Quick Cooking Brown Rice (15lbs)",
      "price": "$27.97",
      "unit": "N/A",
      "original_price": "$35.99",
      "image_url": "https://www.tntsupermarket.com/media/catalog/product/cache/ad090bb053b58bc42f88d3483efa05b3/7/3/7343560101650918071_1.jpg",
      "store": "tnt_supermarket"
    },
    {
      "name": "Sunity Blueberry Sago Jelly (150mLx5)",
      "price": "$4.97",
      "unit": "N/A",
      "original_price": "$6.99",
      "image_url": "https://www.tntsupermarket.com/media/catalog/product/cache/ad090bb053b58bc42f88d3483efa05b3/5/2/5228690101729626021_1.jpg",
      "store": "tnt_supermarket"
    },
    {
      "name": "Sunity Grapefruit Sago Jelly (150mlx5)",
      "price": "$4.97",
      "unit": "N/A",
      "original_price": "$6.99",
      "image_url": "https://www.tntsupermarket.com/media/catalog/product/cache/ad090bb053b58bc42f88d3483efa05b3/5/2/5228660101729626020_1.jpg",
      "store": "tnt_supermarket"
    },
    {
      "name": "Sunity Pear Loquat Jelly (150mLx5)",
      "price": "$4.97",
      "unit": "N/A",
      "original_price": "$6.99",
      "image_url": "https://www.tntsupermarket.com/media/catalog/product/cache/ad090bb053b58bc42f88d3483efa05b3/5/2/5228680101692384988_1.jpg",
      "store": "tnt_supermarket"
    },
    {
      "name": "Sunity Grape Jelly (5x170mL)",
      "price": "$4.97",
      "unit": "N/A",
      "original_price": "$6.99",
      "image_url": "https://www.tntsupermarket.com/media/catalog/product/cache/ad090bb053b58bc42f88d3483efa05b3/5/3/5356710101748360472.jpg",
      "store": "tnt_supermarket"
    },
    {
      "name": "Sunnymark Morchella (60g)",
      "price": "$18.97",
      "unit": "N/A",
      "original_price": "$23.99",
      "image_url": "https://www.tntsupermarket.com/media/catalog/product/cache/ad090bb053b58bc42f88d3483efa05b3/5/2/527544_1.jpg",
      "store": "tnt_supermarket"
    },
    {
      "name": "Juliang Xinjiang Dried Dates (2.5kg)",
      "price": "$14.97",
      "unit": "N/A",
      "original_price": "$18.99",
      "image_url": "https://www.tntsupermarket.com/media/catalog/product/cache/ad090bb053b58bc42f88d3483efa05b3/5/2/5237390101748614214.jpg",
      "store": "tnt_supermarket"
    },
    {
      "name": "Wu-Mu Dried Noodles-Medium (4lbs)",
      "price": "$6.97",
      "unit": "N/A",
      "original_price": "$9.99",
      "image_url": "https://www.tntsupermarket.com/media/catalog/product/cache/ad090bb053b58bc42f88d3483efa05b3/6/0/6023780101591860994_1.jpg",
      "store": "tnt_supermarket"
    },
    {
      "name": "Wu-Mu Yellow Noodle (4lbs)",
      "price": "$6.97",
      "unit": "N/A",
      "original_price": "$9.99",
      "image_url": "https://www.tntsupermarket.com/media/catalog/product/cache/ad090bb053b58bc42f88d3483efa05b3/6/8/6876920101591865256_1.jpg",
      "store": "tnt_supermarket"
    },
    {
      "name": "Wu-Mu Dry Noodle-Large (4lbs)",
      "price": "$6.97",
      "unit": "N/A",
      "original_price": "$9.99",
      "image_url": "https://www.tntsupermarket.com/media/catalog/product/cache/ad090bb053b58bc42f88d3483efa05b3/6/0/6023800101591861016_1.jpg",
      "store": "tnt_supermarket"
    },
    {
      "name": "T&T Pure Honey - Large (1kg)",
      "price": "$10.77",
      "unit": "N/A",
      "original_price": "$13.29",
      "image_url": "https://www.tntsupermarket.com/media/catalog/product/cache/ad090bb053b58bc42f88d3483efa05b3/7/0/70678401.jpg",
      "store": "tnt_supermarket"
    },
    {
      "name": "T&T Raw Honey (750g)",
      "price": "$10.77",
      "unit": "N/A",
      "original_price": "$13.99",
      "image_url": "https://www.tntsupermarket.com/media/catalog/product/cache/ad090bb053b58bc42f88d3483efa05b3/7/8/785220_tt_raw_honey_tt_.jpg",
      "store": "tnt_supermarket"
    },
    {
      "name": "Hsufuchi Sachima-Sesame (469g)",
      "price": "$4.47",
      "unit": "N/A",
      "original_price": "$5.49",
      "image_url": "https://www.tntsupermarket.com/media/catalog/product/cache/ad090bb053b58bc42f88d3483efa05b3/7/5/7551170101591869434.png",
      "store": "tnt_supermarket"
    },
    {
      "name": "T&T Salted Shiitake Mushroom Crisp (150g)",
      "price": "$4.87",
      "unit": "N/A",
      "original_price": "$6.29",
      "image_url": "https://www.tntsupermarket.com/media/catalog/product/cache/ad090bb053b58bc42f88d3483efa05b3/5/0/5085820101635366671_1.jpg",
      "store": "tnt_supermarket"
    },
    {
      "name": "T&T Purple Yam / Sweet Potato Crisps (150g)",
      "price": "$3.57",
      "unit": "N/A",
      "original_price": "$5.69",
      "image_url": "https://www.tntsupermarket.com/media/catalog/product/cache/ad090bb053b58bc42f88d3483efa05b3/5/1/5191690101686853291_1.jpg",
      "store": "tnt_supermarket"
    },
    {
      "name": "T&T Red Potato Chips-Black Truffle Flavour (120g)",
      "price": "$3.57",
      "unit": "N/A",
      "original_price": "$4.99",
      "image_url": "https://www.tntsupermarket.com/media/catalog/product/cache/ad090bb053b58bc42f88d3483efa05b3/5/2/5254420101728421825_1.jpg",
      "store": "tnt_supermarket"
    },
    {
      "name": "T&T Purple Potato Chips-Spicy Chicken Flavour (120g)",
      "price": "$3.57",
      "unit": "N/A",
      "original_price": "$4.99",
      "image_url": "https://www.tntsupermarket.com/media/catalog/product/cache/ad090bb053b58bc42f88d3483efa05b3/5/2/5254430101728421828_1.jpg",
      "store": "tnt_supermarket"
    },
    {
      "name": "T&T Yellow Peach Chips (80g)",
      "price": "$3.57",
      "unit": "N/A",
      "original_price": "$4.99",
      "image_url": "https://www.tntsupermarket.com/media/catalog/product/cache/ad090bb053b58bc42f88d3483efa05b3/5/2/5254450101728421830_1.jpg",
      "store": "tnt_supermarket"
    },
    {
      "name": "T&T Okra Crisps (60g)",
      "price": "$2.25",
      "unit": "N/A",
      "original_price": "$3.29",
      "image_url": "https://www.tntsupermarket.com/media/catalog/product/cache/ad090bb053b58bc42f88d3483efa05b3/5/0/508583_t_t_okra_crisps.jpg",
      "store": "tnt_supermarket"
    },
    {
      "name": "Gik PRP Collagen Repair Moist Facial Mask (14pcs)",
      "price": "$7.88",
      "unit": "N/A",
      "original_price": "$10.49",
      "image_url": "https://www.tntsupermarket.com/media/catalog/product/cache/ad090bb053b58bc42f88d3483efa05b3/g/i/gik_prp_14_1595406440_5941b663_progressive_1.jpg",
      "store": "tnt_supermarket"
    },
    {
      "name": "Lux Citrus Fizz Body Wash (1000ml)",
      "price": "$8.88",
      "unit": "N/A",
      "original_price": "$10.99",
      "image_url": "https://www.tntsupermarket.com/media/catalog/product/cache/ad090bb053b58bc42f88d3483efa05b3/5/3/5314540101728421848_1.jpg",
      "store": "tnt_supermarket"
    },
    {
      "name": "Lux Peach Blossom Body Wash (1000mL)",
      "price": "$8.88",
      "unit": "N/A",
      "original_price": "$10.99",
      "image_url": "https://www.tntsupermarket.com/media/catalog/product/cache/ad090bb053b58bc42f88d3483efa05b3/5/3/5314560101729625426_1.jpg",
      "store": "tnt_supermarket"
    },
    {
      "name": "Lux Fresh Peach Body Wash (1000ml)",
      "price": "$8.88",
      "unit": "N/A",
      "original_price": "$10.99",
      "image_url": "https://www.tntsupermarket.com/media/catalog/product/cache/ad090bb053b58bc42f88d3483efa05b3/5/3/5314550101728421849_1.jpg",
      "store": "tnt_supermarket"
    },
    {
      "name": "Lux Sakura Dream Body Wash (1000ml)",
      "price": "$8.88",
      "unit": "N/A",
      "original_price": "$10.99",
      "image_url": "https://www.tntsupermarket.com/media/catalog/product/cache/ad090bb053b58bc42f88d3483efa05b3/5/3/5314570101728421851_1.jpg",
      "store": "tnt_supermarket"
    },
    {
      "name": "T&T Kitchen Pickled Mustard Green & Fish Bun (Cold)",
      "price": "$5.00",
      "unit": "N/A",
      "original_price": "$6.99",
      "image_url": "https://www.tntsupermarket.com/media/catalog/product/cache/ad090bb053b58bc42f88d3483efa05b3/5/2/527254_1.jpg",
      "store": "tnt_supermarket"
    },
    {
      "name": "T&T Pound Cake - Longan, Jujube, Walnuts (520g)",
      "price": "$5.97",
      "unit": "N/A",
      "original_price": "$6.99",
      "image_url": "https://www.tntsupermarket.com/media/catalog/product/cache/ad090bb053b58bc42f88d3483efa05b3/5/3/5310880101738963227.jpg",
      "store": "tnt_supermarket"
    },
    {
      "name": "T&T Pound Cake - Jujube Paste, Walnuts (520g)",
      "price": "$5.97",
      "unit": "N/A",
      "original_price": "$6.99",
      "image_url": "https://www.tntsupermarket.com/media/catalog/product/cache/ad090bb053b58bc42f88d3483efa05b3/5/3/5310890101738963229.jpg",
      "store": "tnt_supermarket"
    },
    {
      "name": "T&T Honey Cake (6x45g)",
      "price": "$5.97",
      "unit": "N/A",
      "original_price": "$6.99",
      "image_url": "https://www.tntsupermarket.com/media/catalog/product/cache/ad090bb053b58bc42f88d3483efa05b3/5/3/5306180101737150020.jpg",
      "store": "tnt_supermarket"
    },
    {
      "name": "Kingo Gen-Ji-Mai Brown Rice (15lb)",
      "price": "$17.97",
      "unit": "N/A",
      "original_price": "$25.99",
      "image_url": "https://www.tntsupermarket.com/media/catalog/product/cache/ad090bb053b58bc42f88d3483efa05b3/6/9/6959800101591866059_1.jpg",
      "store": "tnt_supermarket"
    },
    {
      "name": "Saporito Extra Virgin Olive Oil (750ml)",
      "price": "$9.97",
      "unit": "N/A",
      "original_price": "$15.99",
      "image_url": "https://www.tntsupermarket.com/media/catalog/product/cache/ad090bb053b58bc42f88d3483efa05b3/7/1/7164930101685628053_1.jpg",
      "store": "tnt_supermarket"
    },
    {
      "name": "Pat Chun Sweetened Vinegar Sauce (2.4L)",
      "price": "$29.97",
      "unit": "N/A",
      "original_price": "$39.99",
      "image_url": "https://www.tntsupermarket.com/media/catalog/product/cache/ad090bb053b58bc42f88d3483efa05b3/7/8/787532_-_pat_chun_sweetened_vinegar_sauce_2.4l_3_.jpg",
      "store": "tnt_supermarket"
    },
    {
      "name": "Knorr Chicken Broth Mix (1kg)",
      "price": "$9.97",
      "unit": "N/A",
      "original_price": "$12.99",
      "image_url": "https://www.tntsupermarket.com/media/catalog/product/cache/ad090bb053b58bc42f88d3483efa05b3/6/0/6089000101591861744_1.jpg",
      "store": "tnt_supermarket"
    },
    {
      "name": "T&T Dried Beancurd Sticks (250g)",
      "price": "$4.47",
      "unit": "N/A",
      "original_price": "$5.99",
      "image_url": "https://www.tntsupermarket.com/media/catalog/product/cache/ad090bb053b58bc42f88d3483efa05b3/5/1/5106180101678477805_1.jpg",
      "store": "tnt_supermarket"
    },
    {
      "name": "T&T Dried Beancurd Strips (300g)",
      "price": "$4.47",
      "unit": "N/A",
      "original_price": "$5.99",
      "image_url": "https://www.tntsupermarket.com/media/catalog/product/cache/ad090bb053b58bc42f88d3483efa05b3/5/1/5106190101688671897_1.jpg",
      "store": "tnt_supermarket"
    },
    {
      "name": "Golden Nest Sugar Swallow Nest (75mlx6)",
      "price": "$39.97",
      "unit": "N/A",
      "original_price": "$59.99",
      "image_url": "https://www.tntsupermarket.com/media/catalog/product/cache/ad090bb053b58bc42f88d3483efa05b3/7/8/7875380101601386338_1.jpg",
      "store": "tnt_supermarket"
    },
    {
      "name": "Golden Nest Swallow Nest - Chrysanthemum (75mlx6)",
      "price": "$39.97",
      "unit": "N/A",
      "original_price": "$59.99",
      "image_url": "https://www.tntsupermarket.com/media/catalog/product/cache/ad090bb053b58bc42f88d3483efa05b3/5/3/5339760101735927230.jpg",
      "store": "tnt_supermarket"
    },
    {
      "name": "T&T Organic Adzuki Bean (450g)",
      "price": "$2.97",
      "unit": "N/A",
      "original_price": "$3.99",
      "image_url": "https://www.tntsupermarket.com/media/catalog/product/cache/ad090bb053b58bc42f88d3483efa05b3/7/5/75039301-1.jpg",
      "store": "tnt_supermarket"
    },
    {
      "name": "T&T Sugar Free Oolong Tea (2L)",
      "price": "$2.99",
      "unit": "N/A",
      "original_price": "$3.99",
      "image_url": "https://www.tntsupermarket.com/media/catalog/product/cache/ad090bb053b58bc42f88d3483efa05b3/5/2/5257970101733176222.jpg",
      "store": "tnt_supermarket"
    },
    {
      "name": "JiaFuLi Premium Green Tea (200g)",
      "price": "$9.97",
      "unit": "N/A",
      "original_price": "$11.99",
      "image_url": "https://www.tntsupermarket.com/media/catalog/product/cache/ad090bb053b58bc42f88d3483efa05b3/5/0/5015230101601376567_1.jpg",
      "store": "tnt_supermarket"
    },
    {
      "name": "Jia Fu Li Premium Green Tea (250g)",
      "price": "$9.97",
      "unit": "N/A",
      "original_price": "$11.99",
      "image_url": "https://www.tntsupermarket.com/media/catalog/product/cache/ad090bb053b58bc42f88d3483efa05b3/5/0/5015210101601376541_1.jpg",
      "store": "tnt_supermarket"
    },
    {
      "name": "JiaFuLi Premium Puer Tea (210g)",
      "price": "$9.97",
      "unit": "N/A",
      "original_price": "$11.99",
      "image_url": "https://www.tntsupermarket.com/media/catalog/product/cache/ad090bb053b58bc42f88d3483efa05b3/5/0/5015220101601376555_1.jpg",
      "store": "tnt_supermarket"
    },
    {
      "name": "JiaFuLi Premium Jasmine Tea (180g)",
      "price": "$9.97",
      "unit": "N/A",
      "original_price": "$11.99",
      "image_url": "https://www.tntsupermarket.com/media/catalog/product/cache/ad090bb053b58bc42f88d3483efa05b3/5/0/5015240101601376580_1.jpg",
      "store": "tnt_supermarket"
    },
    {
      "name": "Jia Fu Li Premium Bi Luo Chun Green Tea (250g)",
      "price": "$9.97",
      "unit": "N/A",
      "original_price": "$11.99",
      "image_url": "https://www.tntsupermarket.com/media/catalog/product/cache/ad090bb053b58bc42f88d3483efa05b3/5/0/5015250101601376592_1.jpg",
      "store": "tnt_supermarket"
    },
    {
      "name": "T&T Fruit & Yogurt Granola (600g)",
      "price": "$8.97",
      "unit": "N/A",
      "original_price": "$10.99",
      "image_url": "https://www.tntsupermarket.com/media/catalog/product/cache/ad090bb053b58bc42f88d3483efa05b3/5/2/52390301_1.jpg",
      "store": "tnt_supermarket"
    },
    {
      "name": "T&T Red Date And Goji Granola (600g)",
      "price": "$8.97",
      "unit": "N/A",
      "original_price": "$10.99",
      "image_url": "https://www.tntsupermarket.com/media/catalog/product/cache/ad090bb053b58bc42f88d3483efa05b3/5/2/5239050101710528622_1.jpg",
      "store": "tnt_supermarket"
    },
    {
      "name": "T&T Fruit And Nut Granola (600g)",
      "price": "$8.97",
      "unit": "N/A",
      "original_price": "$10.99",
      "image_url": "https://www.tntsupermarket.com/media/catalog/product/cache/ad090bb053b58bc42f88d3483efa05b3/5/2/5239040101710528620_1.jpg",
      "store": "tnt_supermarket"
    },
    {
      "name": "Jean Fu Roasted Shredded Squid (160g)",
      "price": "$7.87",
      "unit": "N/A",
      "original_price": "$8.99",
      "image_url": "https://www.tntsupermarket.com/media/catalog/product/cache/ad090bb053b58bc42f88d3483efa05b3/7/8/7881970101601386552_1.jpg",
      "store": "tnt_supermarket"
    },
    {
      "name": "Jean Hao Baked Squid Strip (120g)",
      "price": "$7.87",
      "unit": "N/A",
      "original_price": "$8.99",
      "image_url": "https://www.tntsupermarket.com/media/catalog/product/cache/ad090bb053b58bc42f88d3483efa05b3/5/0/5070230101657913226_1.jpg",
      "store": "tnt_supermarket"
    },
    {
      "name": "Jean Fu Roasted Rolled Squid (160g)",
      "price": "$7.87",
      "unit": "N/A",
      "original_price": "$8.99",
      "image_url": "https://www.tntsupermarket.com/media/catalog/product/cache/ad090bb053b58bc42f88d3483efa05b3/7/8/7881980101601386562_1.jpg",
      "store": "tnt_supermarket"
    },
    {
      "name": "Jean Fu Prepared Shredded Squid (160g)",
      "price": "$7.87",
      "unit": "N/A",
      "original_price": "$8.99",
      "image_url": "https://www.tntsupermarket.com/media/catalog/product/cache/ad090bb053b58bc42f88d3483efa05b3/7/8/7881950101601386540_1.jpg",
      "store": "tnt_supermarket"
    },
    {
      "name": "Jean Fu Smoking Shredded Squid (160g)",
      "price": "$7.87",
      "unit": "N/A",
      "original_price": "$8.99",
      "image_url": "https://www.tntsupermarket.com/media/catalog/product/cache/ad090bb053b58bc42f88d3483efa05b3/7/8/78819901-1.jpg",
      "store": "tnt_supermarket"
    },
    {
      "name": "Jean Fu Prepared Rolled Squid (160g)",
      "price": "$7.87",
      "unit": "N/A",
      "original_price": "$8.99",
      "image_url": "https://www.tntsupermarket.com/media/catalog/product/cache/ad090bb053b58bc42f88d3483efa05b3/7/8/7881960101658170695_1.jpg",
      "store": "tnt_supermarket"
    },
    {
      "name": "Amortals Disposable Soft Towel (77pcs)",
      "price": "$3.78",
      "unit": "N/A",
      "original_price": "$5.49",
      "image_url": "https://www.tntsupermarket.com/media/catalog/product/cache/ad090bb053b58bc42f88d3483efa05b3/5/2/5260840101703199684_1.jpg",
      "store": "tnt_supermarket"
    },
    {
      "name": "Li Kou Fu Phoenix Custard Bun (360g)",
      "price": "$3.75",
      "unit": "N/A",
      "original_price": "$4.59",
      "image_url": "https://www.tntsupermarket.com/media/catalog/product/cache/ad090bb053b58bc42f88d3483efa05b3/7/0/7083730101590996343_1.jpg",
      "store": "tnt_supermarket"
    },
    {
      "name": "Li Kou Fu Steamed Bun with Lotus Seed Paste (240g)",
      "price": "$2.25",
      "unit": "N/A",
      "original_price": "$2.99",
      "image_url": "https://www.tntsupermarket.com/media/catalog/product/cache/ad090bb053b58bc42f88d3483efa05b3/7/9/795578_-_lkf_steamed_bun_with_lotus_seed_paste_225g.jpg",
      "store": "tnt_supermarket"
    },
    {
      "name": "T&T Pork & Chives Stuffed Bun (12×30g)",
      "price": "$5.77",
      "unit": "N/A",
      "original_price": "$6.79",
      "image_url": "https://www.tntsupermarket.com/media/catalog/product/cache/ad090bb053b58bc42f88d3483efa05b3/5/1/510804.jpg",
      "store": "tnt_supermarket"
    },
    {
      "name": "T&T Beef Stuffed Bun (12×30g)",
      "price": "$5.77",
      "unit": "N/A",
      "original_price": "$6.79",
      "image_url": "https://www.tntsupermarket.com/media/catalog/product/cache/ad090bb053b58bc42f88d3483efa05b3/5/1/5108050101672425640_1.jpg",
      "store": "tnt_supermarket"
    },
    {
      "name": "Sunshine Frozen Durian Pulp with Seed (454g)",
      "price": "$13.97",
      "unit": "N/A",
      "original_price": "$18.99",
      "image_url": "https://www.tntsupermarket.com/media/catalog/product/cache/ad090bb053b58bc42f88d3483efa05b3/7/1/7148080101634290114_1.jpg",
      "store": "tnt_supermarket"
    },
    {
      "name": "Chef Shuo Pork Shrimp Mushroom Siu Mai (300g)",
      "price": "$7.97",
      "unit": "N/A",
      "original_price": "$8.99",
      "image_url": "https://www.tntsupermarket.com/media/catalog/product/cache/ad090bb053b58bc42f88d3483efa05b3/5/3/5369970101752009058.jpg",
      "store": "tnt_supermarket"
    },
    {
      "name": "Chef Shuo Jumbo Shrimp Pork Wonton (360g)",
      "price": "$7.97",
      "unit": "N/A",
      "original_price": "$8.99",
      "image_url": "https://www.tntsupermarket.com/media/catalog/product/cache/ad090bb053b58bc42f88d3483efa05b3/5/3/5369980101752009060.jpg",
      "store": "tnt_supermarket"
    },
    {
      "name": "Chef Shuo Pork Wontons (360g)",
      "price": "$7.97",
      "unit": "N/A",
      "original_price": "$8.99",
      "image_url": "https://www.tntsupermarket.com/media/catalog/product/cache/ad090bb053b58bc42f88d3483efa05b3/5/3/5369990101752009061.jpg",
      "store": "tnt_supermarket"
    },
    {
      "name": "Chef Shuo Beef Balls With Cilantro (228g)",
      "price": "$6.97",
      "unit": "N/A",
      "original_price": "$7.99",
      "image_url": "https://www.tntsupermarket.com/media/catalog/product/cache/ad090bb053b58bc42f88d3483efa05b3/5/3/5370000101752009062.jpg",
      "store": "tnt_supermarket"
    },
    {
      "name": "Chef Shuo Shrimp & Pork Dumplings (360g)",
      "price": "$7.97",
      "unit": "N/A",
      "original_price": "$8.99",
      "image_url": "https://www.tntsupermarket.com/media/catalog/product/cache/ad090bb053b58bc42f88d3483efa05b3/5/3/5370010101752009063.jpg",
      "store": "tnt_supermarket"
    },
    {
      "name": "Chef Shuo Chinese Style Cooked Chicken (595g)",
      "price": "$12.97",
      "unit": "N/A",
      "original_price": "$13.88",
      "image_url": "https://www.tntsupermarket.com/media/catalog/product/cache/ad090bb053b58bc42f88d3483efa05b3/5/2/5223350101680801296_1.jpg",
      "store": "tnt_supermarket"
    },
    {
      "name": "Chef Shuo Chinese Style Cooked Pork Hock (1020g)",
      "price": "$14.87",
      "unit": "N/A",
      "original_price": "$16.88",
      "image_url": "https://www.tntsupermarket.com/media/catalog/product/cache/ad090bb053b58bc42f88d3483efa05b3/5/2/5223340101680801292_1.jpg",
      "store": "tnt_supermarket"
    },
    {
      "name": "Chef Shuo Braised Pork Chitterlings (400g)",
      "price": "$14.87",
      "unit": "N/A",
      "original_price": "$15.99",
      "image_url": "https://www.tntsupermarket.com/media/catalog/product/cache/ad090bb053b58bc42f88d3483efa05b3/5/2/5256850101706888474_1.jpg",
      "store": "tnt_supermarket"
    },
    {
      "name": "Chef Shuo Beef Offal Soup (454g)",
      "price": "$7.87",
      "unit": "N/A",
      "original_price": "$8.99",
      "image_url": "https://www.tntsupermarket.com/media/catalog/product/cache/ad090bb053b58bc42f88d3483efa05b3/5/2/520510_1_.jpg",
      "store": "tnt_supermarket"
    },
    {
      "name": "Chef Shuo Lamb Offal Soup (454g)",
      "price": "$7.87",
      "unit": "N/A",
      "original_price": "$8.99",
      "image_url": "https://www.tntsupermarket.com/media/catalog/product/cache/ad090bb053b58bc42f88d3483efa05b3/5/2/521026_1_.jpg",
      "store": "tnt_supermarket"
    },
    {
      "name": "Chef Shuo Pork Stomach Chicken Soup with White Pepper (454g)",
      "price": "$7.87",
      "unit": "N/A",
      "original_price": "$8.99",
      "image_url": "https://www.tntsupermarket.com/media/catalog/product/cache/ad090bb053b58bc42f88d3483efa05b3/5/2/5210240101668117031_1.jpg",
      "store": "tnt_supermarket"
    },
    {
      "name": "Chef Shuo Braised Beef Noodle (630g)",
      "price": "$7.87",
      "unit": "N/A",
      "original_price": "$8.99",
      "image_url": "https://www.tntsupermarket.com/media/catalog/product/cache/ad090bb053b58bc42f88d3483efa05b3/5/2/5210210101668117030_1.jpg",
      "store": "tnt_supermarket"
    },
    {
      "name": "Chef Shuo Braised Beef Noodle (630g)",
      "price": "$7.87",
      "unit": "N/A",
      "original_price": "$8.99",
      "image_url": "https://www.tntsupermarket.com/media/catalog/product/cache/ad090bb053b58bc42f88d3483efa05b3/5/2/5210200101668117029_1.jpg",
      "store": "tnt_supermarket"
    },
    {
      "name": "Chef Shuo Szechuan Chili Sauce Chicken (595g)",
      "price": "$14.87",
      "unit": "N/A",
      "original_price": "$15.99",
      "image_url": "https://www.tntsupermarket.com/media/catalog/product/cache/ad090bb053b58bc42f88d3483efa05b3/5/3/5316490101731966261.jpg",
      "store": "tnt_supermarket"
    },
    {
      "name": "Tai Er Suancai & Fish – Black Fish Fillet in Pickled Cabbage Broth (816g)",
      "price": "$12.97",
      "unit": "N/A",
      "original_price": "$14.99",
      "image_url": "https://www.tntsupermarket.com/media/catalog/product/cache/ad090bb053b58bc42f88d3483efa05b3/5/3/5312030101741363253.jpg",
      "store": "tnt_supermarket"
    },
    {
      "name": "Kumai Inaniwa Handmade Style Udon (5x240g)",
      "price": "$5.97",
      "unit": "N/A",
      "original_price": "$7.99",
      "image_url": "https://www.tntsupermarket.com/media/catalog/product/cache/ad090bb053b58bc42f88d3483efa05b3/7/5/7569270101732029661.jpg",
      "store": "tnt_supermarket"
    },
    {
      "name": "T&T Soft Tofu (300g)",
      "price": "$1.28",
      "unit": "N/A",
      "original_price": "$1.59",
      "image_url": "https://www.tntsupermarket.com/media/catalog/product/cache/ad090bb053b58bc42f88d3483efa05b3/7/2/7208570101672426353_1.jpg",
      "store": "tnt_supermarket"
    },
    {
      "name": "T&T Medium-Firm Tofu (454g)",
      "price": "$1.77",
      "unit": "N/A",
      "original_price": "$2.29",
      "image_url": "https://www.tntsupermarket.com/media/catalog/product/cache/ad090bb053b58bc42f88d3483efa05b3/7/9/792665_1.jpg",
      "store": "tnt_supermarket"
    },
    {
      "name": "Siwin Asian-Style BBQ Pork Sausage (225g)",
      "price": "$3.75",
      "unit": "N/A",
      "original_price": "$4.49",
      "image_url": "https://www.tntsupermarket.com/media/catalog/product/cache/ad090bb053b58bc42f88d3483efa05b3/6/7/677162_siwin_bbq_sausage.jpg",
      "store": "tnt_supermarket"
    },
    {
      "name": "Siwin Traditional Smoked Sausage (250g)",
      "price": "$3.75",
      "unit": "N/A",
      "original_price": "$4.49",
      "image_url": "https://www.tntsupermarket.com/media/catalog/product/cache/ad090bb053b58bc42f88d3483efa05b3/6/7/677174-1.jpg",
      "store": "tnt_supermarket"
    },
    {
      "name": "Siwin Traditional Chilli Sausage (250g)",
      "price": "$3.75",
      "unit": "N/A",
      "original_price": "$4.49",
      "image_url": "https://www.tntsupermarket.com/media/catalog/product/cache/ad090bb053b58bc42f88d3483efa05b3/6/8/681163_1_.jpg",
      "store": "tnt_supermarket"
    },
    {
      "name": "Ten Ten Dim Sum Vegetable & Pork Bun (520g)",
      "price": "$3.99",
      "unit": "N/A",
      "original_price": "$4.99",
      "image_url": "https://www.tntsupermarket.com/media/catalog/product/cache/ad090bb053b58bc42f88d3483efa05b3/6/5/6507590101750279296.jpg",
      "store": "tnt_supermarket"
    },
    {
      "name": "Ten Ten Dim Sum BBQ Pork Bun (520g)",
      "price": "$3.99",
      "unit": "N/A",
      "original_price": "$4.99",
      "image_url": "https://www.tntsupermarket.com/media/catalog/product/cache/ad090bb053b58bc42f88d3483efa05b3/6/5/6507640101750279297.jpg",
      "store": "tnt_supermarket"
    },
    {
      "name": "Ten Ten Dim Sum Pork Bun (520g)",
      "price": "$3.99",
      "unit": "N/A",
      "original_price": "$4.99",
      "image_url": "https://www.tntsupermarket.com/media/catalog/product/cache/ad090bb053b58bc42f88d3483efa05b3/6/5/6507740101750279298.jpg",
      "store": "tnt_supermarket"
    },
    {
      "name": "Ten Ten Dim Sum Green Onion Flower Bun (440g)",
      "price": "$3.99",
      "unit": "N/A",
      "original_price": "$4.99",
      "image_url": "https://www.tntsupermarket.com/media/catalog/product/cache/ad090bb053b58bc42f88d3483efa05b3/6/5/6507570101736532062.jpg",
      "store": "tnt_supermarket"
    },
    {
      "name": "T&T Egg Tofu (245g)",
      "price": "$2.25",
      "unit": "N/A",
      "original_price": "$2.59",
      "image_url": "https://www.tntsupermarket.com/media/catalog/product/cache/ad090bb053b58bc42f88d3483efa05b3/7/6/761908_t_t_egg_tofu.jpg",
      "store": "tnt_supermarket"
    },
    {
      "name": "James Bun Taro Fried Fish Ball (500g)",
      "price": "$6.97",
      "unit": "N/A",
      "original_price": "$7.99",
      "image_url": "https://www.tntsupermarket.com/media/catalog/product/cache/ad090bb053b58bc42f88d3483efa05b3/5/1/5170110101733242212.jpg",
      "store": "tnt_supermarket"
    },
    {
      "name": "EB Food My Daun Prawn Paste (130g)",
      "price": "$4.47",
      "unit": "N/A",
      "original_price": "$5.49",
      "image_url": "https://www.tntsupermarket.com/media/catalog/product/cache/ad090bb053b58bc42f88d3483efa05b3/5/1/5198290101706308239_1.jpg",
      "store": "tnt_supermarket"
    },
    {
      "name": "Ocean Food Tempura Combo B-Fried Fish Ball & Stick (400g)",
      "price": "$5.47",
      "unit": "N/A",
      "original_price": "$6.79",
      "image_url": "https://www.tntsupermarket.com/media/catalog/product/cache/ad090bb053b58bc42f88d3483efa05b3/6/5/6516460101590995021_1.jpg",
      "store": "tnt_supermarket"
    },
    {
      "name": "Ocean Food Fish Cake Combo C-Boiled Fish Ball & Fried Fish Ball (400g)",
      "price": "$5.47",
      "unit": "N/A",
      "original_price": "$6.79",
      "image_url": "https://www.tntsupermarket.com/media/catalog/product/cache/ad090bb053b58bc42f88d3483efa05b3/6/5/6518880101590995055_1.jpg",
      "store": "tnt_supermarket"
    },
    {
      "name": "Ocean Food Tempura Combo A-Fried Fish Cake & Crab Flavoured Fish Ball (400g)",
      "price": "$5.47",
      "unit": "N/A",
      "original_price": "$6.79",
      "image_url": "https://www.tntsupermarket.com/media/catalog/product/cache/ad090bb053b58bc42f88d3483efa05b3/6/5/6516450101590995005_1.jpg",
      "store": "tnt_supermarket"
    },
    {
      "name": "Superior Organic Smooth Medium-Firm Tofu (454g)",
      "price": "$2.97",
      "unit": "N/A",
      "original_price": "$3.59",
      "image_url": "https://www.tntsupermarket.com/media/catalog/product/cache/ad090bb053b58bc42f88d3483efa05b3/7/4/744198_1.jpg",
      "store": "tnt_supermarket"
    },
    {
      "name": "Superior Organic Firm Tofu (454g)",
      "price": "$2.97",
      "unit": "N/A",
      "original_price": "$3.59",
      "image_url": "https://www.tntsupermarket.com/media/catalog/product/cache/ad090bb053b58bc42f88d3483efa05b3/7/4/744201_.png",
      "store": "tnt_supermarket"
    },
    {
      "name": "Superior Organic Silken Tofu (454g)",
      "price": "$2.97",
      "unit": "N/A",
      "original_price": "$3.59",
      "image_url": "https://www.tntsupermarket.com/media/catalog/product/cache/ad090bb053b58bc42f88d3483efa05b3/7/6/760341.jpg",
      "store": "tnt_supermarket"
    },
    {
      "name": "Dou Lao Lao Sichuan Style Rattan Pepper Flavoured (370g)",
      "price": "$4.97",
      "unit": "N/A",
      "original_price": "$6.49",
      "image_url": "https://www.tntsupermarket.com/media/catalog/product/cache/ad090bb053b58bc42f88d3483efa05b3/5/2/524857_1.jpg",
      "store": "tnt_supermarket"
    },
    {
      "name": "Synear Scallion Millet Pancake (900g)",
      "price": "$6.47",
      "unit": "N/A",
      "original_price": "$7.99",
      "image_url": "https://www.tntsupermarket.com/media/catalog/product/cache/ad090bb053b58bc42f88d3483efa05b3/5/2/5249950101706308320_1.jpg",
      "store": "tnt_supermarket"
    },
    {
      "name": "East Starland Frozen Vegetable Spring Roll - Small (40x25g)",
      "price": "$4.77",
      "unit": "N/A",
      "original_price": "$5.79",
      "image_url": "https://www.tntsupermarket.com/media/catalog/product/cache/ad090bb053b58bc42f88d3483efa05b3/7/9/7934680101714491083_1.jpg",
      "store": "tnt_supermarket"
    },
    {
      "name": "Honeymoon Dessert Black Sesame Sweet Soup With Glutinous Rice Ball (350g)",
      "price": "$4.97",
      "unit": "N/A",
      "original_price": "$5.99",
      "image_url": "https://www.tntsupermarket.com/media/catalog/product/cache/ad090bb053b58bc42f88d3483efa05b3/5/2/5283820101720035060_1.jpg",
      "store": "tnt_supermarket"
    },
    {
      "name": "Honeymoon Dessert Almond Tea, Peach Resin With Glutinous Rice Ball (350g)",
      "price": "$4.97",
      "unit": "N/A",
      "original_price": "$5.99",
      "image_url": "https://www.tntsupermarket.com/media/catalog/product/cache/ad090bb053b58bc42f88d3483efa05b3/5/2/5283830101720035061_1.jpg",
      "store": "tnt_supermarket"
    },
    {
      "name": "Honeymoon Dessert Cashew And Peanut Soup With Glutinous Rice Ball (350g)",
      "price": "$4.97",
      "unit": "N/A",
      "original_price": "$5.99",
      "image_url": "https://www.tntsupermarket.com/media/catalog/product/cache/ad090bb053b58bc42f88d3483efa05b3/5/2/5283840101720035063_1.jpg",
      "store": "tnt_supermarket"
    },
    {
      "name": "TJ Feng Ye Five-Spice Bean Curd (350g)",
      "price": "$3.27",
      "unit": "N/A",
      "original_price": "$3.99",
      "image_url": "https://www.tntsupermarket.com/media/catalog/product/cache/ad090bb053b58bc42f88d3483efa05b3/7/0/7086910101590996356_1.jpg",
      "store": "tnt_supermarket"
    },
    {
      "name": "Long Phung Cooked Vietnamese Sausage (375g)",
      "price": "$5.97",
      "unit": "N/A",
      "original_price": "$6.99",
      "image_url": "https://www.tntsupermarket.com/media/catalog/product/cache/ad090bb053b58bc42f88d3483efa05b3/7/4/7491820101720729411_1.jpg",
      "store": "tnt_supermarket"
    },
    {
      "name": "Long Phung Garlic and Pepper Vietnamese Sausage (375g)",
      "price": "$5.97",
      "unit": "N/A",
      "original_price": "$6.99",
      "image_url": "https://www.tntsupermarket.com/media/catalog/product/cache/ad090bb053b58bc42f88d3483efa05b3/7/4/7491830101720729412_1.jpg",
      "store": "tnt_supermarket"
    },
    {
      "name": "Long Phung Pork Skin Vietnamese Sausage (375g)",
      "price": "$5.97",
      "unit": "N/A",
      "original_price": "$6.99",
      "image_url": "https://www.tntsupermarket.com/media/catalog/product/cache/ad090bb053b58bc42f88d3483efa05b3/5/2/5220110101720729259_1.jpg",
      "store": "tnt_supermarket"
    },
    {
      "name": "Long Phung Cooked Vietnamese Sausage (750g)",
      "price": "$10.97",
      "unit": "N/A",
      "original_price": "$11.99",
      "image_url": "https://www.tntsupermarket.com/media/catalog/product/cache/ad090bb053b58bc42f88d3483efa05b3/5/2/5220090101717511422_1.jpg",
      "store": "tnt_supermarket"
    },
    {
      "name": "Koo Chun Tong Pear, Sugarcane and Couch Grass Root Drink (450mL)",
      "price": "$3.25",
      "unit": "N/A",
      "original_price": "$3.99",
      "image_url": "https://www.tntsupermarket.com/media/catalog/product/cache/ad090bb053b58bc42f88d3483efa05b3/5/3/5354070101750963878.jpg",
      "store": "tnt_supermarket"
    },
    {
      "name": "Koo Chun Tong Pear, Pang Da Hai and Coconut Drink (300mL)",
      "price": "$2.50",
      "unit": "N/A",
      "original_price": "$2.99",
      "image_url": "https://www.tntsupermarket.com/media/catalog/product/cache/ad090bb053b58bc42f88d3483efa05b3/5/3/5354090101750963879.jpg",
      "store": "tnt_supermarket"
    },
    {
      "name": "Sun On Shanghai Style Noodles-Round (450g)",
      "price": "$1.99",
      "unit": "N/A",
      "original_price": "$2.39",
      "image_url": "https://www.tntsupermarket.com/media/catalog/product/cache/ad090bb053b58bc42f88d3483efa05b3/6/3/6376730101590994335_1.jpg",
      "store": "tnt_supermarket"
    },
    {
      "name": "Sun On Shanghai Style Fried Noodles (450g)",
      "price": "$1.99",
      "unit": "N/A",
      "original_price": "$2.39",
      "image_url": "https://www.tntsupermarket.com/media/catalog/product/cache/ad090bb053b58bc42f88d3483efa05b3/6/3/6376740101590994349_1.jpg",
      "store": "tnt_supermarket"
    },
    {
      "name": "Sun On Shanghai Style Noodle (454g)",
      "price": "$1.99",
      "unit": "N/A",
      "original_price": "$2.39",
      "image_url": "https://www.tntsupermarket.com/media/catalog/product/cache/ad090bb053b58bc42f88d3483efa05b3/6/4/645957_sun_on_shanghai_style_noodle454g.jpg",
      "store": "tnt_supermarket"
    },
    {
      "name": "Synear Pork, Shrimp & Mushroom Asian Style Dumpling (360g)",
      "price": "$7.97",
      "unit": "N/A",
      "original_price": "$8.99",
      "image_url": "https://www.tntsupermarket.com/media/catalog/product/cache/ad090bb053b58bc42f88d3483efa05b3/5/0/500729_synear_shrimp_mushroom_dumpling_360g_1.jpg",
      "store": "tnt_supermarket"
    },
    {
      "name": "Synear Pork, Shrimp & Scallop Asian Style Dumpling (360g)",
      "price": "$7.97",
      "unit": "N/A",
      "original_price": "$8.99",
      "image_url": "https://www.tntsupermarket.com/media/catalog/product/cache/ad090bb053b58bc42f88d3483efa05b3/5/0/500730_synear_shrimp___scallop_dumpling_360g.jpg",
      "store": "tnt_supermarket"
    },
    {
      "name": "Synear Pork, Shrimp & Shepherd's Purse Asian Style Dumpling (360g)",
      "price": "$7.97",
      "unit": "N/A",
      "original_price": "$8.99",
      "image_url": "https://www.tntsupermarket.com/media/catalog/product/cache/ad090bb053b58bc42f88d3483efa05b3/5/1/5148160101654199658_1.jpg",
      "store": "tnt_supermarket"
    },
    {
      "name": "Synear Pork, Shrimp & Pea Sprout Asian Style Dumpling (360g)",
      "price": "$7.97",
      "unit": "N/A",
      "original_price": "$8.99",
      "image_url": "https://www.tntsupermarket.com/media/catalog/product/cache/ad090bb053b58bc42f88d3483efa05b3/5/1/514817.jpg",
      "store": "tnt_supermarket"
    },
    {
      "name": "H&M Beef, Pork & Daikon Radish Dumpling (454g)",
      "price": "$6.77",
      "unit": "N/A",
      "original_price": "$8.99",
      "image_url": "https://www.tntsupermarket.com/media/catalog/product/cache/ad090bb053b58bc42f88d3483efa05b3/5/1/5181060101665775669_1.jpg",
      "store": "tnt_supermarket"
    },
    {
      "name": "H&M Fish & Pork Dumplings (454g)",
      "price": "$6.77",
      "unit": "N/A",
      "original_price": "$8.99",
      "image_url": "https://www.tntsupermarket.com/media/catalog/product/cache/ad090bb053b58bc42f88d3483efa05b3/5/1/5131180101672425721_1.jpg",
      "store": "tnt_supermarket"
    },
    {
      "name": "H&M Mutton, Carrot & Pork Dumpling (454g)",
      "price": "$6.77",
      "unit": "N/A",
      "original_price": "$9.49",
      "image_url": "https://www.tntsupermarket.com/media/catalog/product/cache/ad090bb053b58bc42f88d3483efa05b3/5/1/5131250101672425723_1.jpg",
      "store": "tnt_supermarket"
    },
    {
      "name": "H&M Green Pepper & Pork Dumpling (454g)",
      "price": "$6.77",
      "unit": "N/A",
      "original_price": "$9.49",
      "image_url": "https://www.tntsupermarket.com/media/catalog/product/cache/ad090bb053b58bc42f88d3483efa05b3/5/1/5163250101665775556_1.jpg",
      "store": "tnt_supermarket"
    },
    {
      "name": "Neilson Trutaste Lactose Free 1% Partly Skimmed Milk (2L)",
      "price": "$5.77",
      "unit": "N/A",
      "original_price": "$7.14",
      "image_url": "https://www.tntsupermarket.com/media/catalog/product/cache/ad090bb053b58bc42f88d3483efa05b3/7/6/76361501.jpg",
      "store": "tnt_supermarket"
    },
    {
      "name": "Dollar Food Dry Salted Whole Duck (each)",
      "price": "$29.97",
      "unit": "N/A",
      "original_price": "$39.99",
      "image_url": "https://www.tntsupermarket.com/media/catalog/product/cache/ad090bb053b58bc42f88d3483efa05b3/6/8/6880460101609159399_1.jpg",
      "store": "tnt_supermarket"
    },
    {
      "name": "QM Soybean Curd (115g)",
      "price": "$1.50",
      "unit": "N/A",
      "original_price": "$2.29",
      "image_url": "https://www.tntsupermarket.com/media/catalog/product/cache/ad090bb053b58bc42f88d3483efa05b3/5/1/5135550121652125209_1.jpg",
      "store": "tnt_supermarket"
    },
    {
      "name": "Vefa Frozen Lemongrass (250g)",
      "price": "$1.25",
      "unit": "N/A",
      "original_price": "$1.69",
      "image_url": "https://www.tntsupermarket.com/media/catalog/product/cache/ad090bb053b58bc42f88d3483efa05b3/5/1/5195790101706308229_1.jpg",
      "store": "tnt_supermarket"
    },
    {
      "name": "Sanquan Glutinous Rice Balls With Black Sesame Filling (320g)",
      "price": "$2.47",
      "unit": "N/A",
      "original_price": "$4.29",
      "image_url": "https://www.tntsupermarket.com/media/catalog/product/cache/ad090bb053b58bc42f88d3483efa05b3/7/9/7931810101718313809_1.jpg",
      "store": "tnt_supermarket"
    },
    {
      "name": "Synear Persimmon Shaped Rice Ball with Sesame (312g)",
      "price": "$3.47",
      "unit": "N/A",
      "original_price": "$4.99",
      "image_url": "https://www.tntsupermarket.com/media/catalog/product/cache/ad090bb053b58bc42f88d3483efa05b3/5/2/5272240101733175616.jpg",
      "store": "tnt_supermarket"
    },
    {
      "name": "Vefa Frozen Calamansi Juice Cubes (500g)",
      "price": "$2.97",
      "unit": "N/A",
      "original_price": "$3.99",
      "image_url": "https://www.tntsupermarket.com/media/catalog/product/cache/ad090bb053b58bc42f88d3483efa05b3/5/2/5257560101723668729_1.jpg",
      "store": "tnt_supermarket"
    },
    {
      "name": "Xianmeilai Frozen Fish Roe Fish Paste (150gx2)",
      "price": "$4.27",
      "unit": "N/A",
      "original_price": "$6.99",
      "image_url": "https://www.tntsupermarket.com/media/catalog/product/cache/ad090bb053b58bc42f88d3483efa05b3/5/2/5277450101717511479_1.jpg",
      "store": "tnt_supermarket"
    },
    {
      "name": "Lyckyee Guiwei Frozen Lychee (500g)",
      "price": "$4.27",
      "unit": "N/A",
      "original_price": "$6.99",
      "image_url": "https://www.tntsupermarket.com/media/catalog/product/cache/ad090bb053b58bc42f88d3483efa05b3/5/2/5274600101723668769_1.jpg",
      "store": "tnt_supermarket"
    },
    {
      "name": "Tian Jia Multi-Layered Pancake (440g)",
      "price": "$3.00",
      "unit": "N/A",
      "original_price": "$4.99",
      "image_url": "https://www.tntsupermarket.com/media/catalog/product/cache/ad090bb053b58bc42f88d3483efa05b3/5/3/5303360101744399207.jpg",
      "store": "tnt_supermarket"
    },
    {
      "name": "Huo Gong Dian Scallion Sticky Rice Pancake (320g)",
      "price": "$2.97",
      "unit": "N/A",
      "original_price": "$4.49",
      "image_url": "https://www.tntsupermarket.com/media/catalog/product/cache/ad090bb053b58bc42f88d3483efa05b3/5/3/5309860101737065617.jpg",
      "store": "tnt_supermarket"
    },
    {
      "name": "Otoki Jin Spicy New Version Ramen (4x120g)",
      "price": "$5.97",
      "unit": "N/A",
      "original_price": "$7.99",
      "image_url": "https://www.tntsupermarket.com/media/catalog/product/cache/ad090bb053b58bc42f88d3483efa05b3/5/3/5349000101745953230.jpg",
      "store": "tnt_supermarket"
    },
    {
      "name": "Ottogi Yeul Ramen - Super Spicy (120gx4)",
      "price": "$6.97",
      "unit": "N/A",
      "original_price": "$8.99",
      "image_url": "https://www.tntsupermarket.com/media/catalog/product/cache/ad090bb053b58bc42f88d3483efa05b3/7/6/7672780101706308636_1.jpg",
      "store": "tnt_supermarket"
    },
    {
      "name": "Lee Kum Kee Seasoned Soy Sauce For Seafood & Sweet Soy Sauce Pack",
      "price": "$6.97",
      "unit": "N/A",
      "original_price": "$9.99",
      "image_url": "https://www.tntsupermarket.com/media/catalog/product/cache/ad090bb053b58bc42f88d3483efa05b3/7/8/7899340101591877113_1.jpg",
      "store": "tnt_supermarket"
    },
    {
      "name": "KimLan Premium Light Soy Sauce (590mL)",
      "price": "$3.25",
      "unit": "N/A",
      "original_price": "$5.59",
      "image_url": "https://www.tntsupermarket.com/media/catalog/product/cache/ad090bb053b58bc42f88d3483efa05b3/6/1/61553101.jpg",
      "store": "tnt_supermarket"
    },
    {
      "name": "KimLan Dark Soy Sauce (590mL)",
      "price": "$3.25",
      "unit": "N/A",
      "original_price": "$5.49",
      "image_url": "https://www.tntsupermarket.com/media/catalog/product/cache/ad090bb053b58bc42f88d3483efa05b3/6/1/61553301.jpg",
      "store": "tnt_supermarket"
    },
    {
      "name": "Kimlan Light Soy Sauce (590g)",
      "price": "$3.25",
      "unit": "N/A",
      "original_price": "$4.99",
      "image_url": "https://www.tntsupermarket.com/media/catalog/product/cache/ad090bb053b58bc42f88d3483efa05b3/6/1/615532.png",
      "store": "tnt_supermarket"
    },
    {
      "name": "Pearl River Bridge Fried Dace with Salted Black Beans (120g)",
      "price": "$2.49",
      "unit": "N/A",
      "original_price": "$2.99",
      "image_url": "https://www.tntsupermarket.com/media/catalog/product/cache/ad090bb053b58bc42f88d3483efa05b3/5/3/5312790101726608035_1.jpg",
      "store": "tnt_supermarket"
    },
    {
      "name": "Unique Dried Sea Cucumber With Flesh (454g)",
      "price": "$43.97",
      "unit": "N/A",
      "original_price": "$59.99",
      "image_url": "https://www.tntsupermarket.com/media/catalog/product/cache/ad090bb053b58bc42f88d3483efa05b3/7/5/7584040101591870122_1.jpg",
      "store": "tnt_supermarket"
    },
    {
      "name": "Unique Dried Sea Cucumber With Flesh (227g)",
      "price": "$25.97",
      "unit": "N/A",
      "original_price": "$34.99",
      "image_url": "https://www.tntsupermarket.com/media/catalog/product/cache/ad090bb053b58bc42f88d3483efa05b3/7/5/7584030101591870110_1.jpg",
      "store": "tnt_supermarket"
    },
    {
      "name": "Luo Ba Wang Original Luosi Rice Noodles (280g)",
      "price": "$3.50",
      "unit": "N/A",
      "original_price": "$3.99",
      "image_url": "https://www.tntsupermarket.com/media/catalog/product/cache/ad090bb053b58bc42f88d3483efa05b3/7/7/777378_1.jpg",
      "store": "tnt_supermarket"
    },
    {
      "name": "Luo Ba Wang Tomato Rice Noodles (306g)",
      "price": "$3.50",
      "unit": "N/A",
      "original_price": "$4.99",
      "image_url": "https://www.tntsupermarket.com/media/catalog/product/cache/ad090bb053b58bc42f88d3483efa05b3/7/8/782542_1_1.jpg",
      "store": "tnt_supermarket"
    },
    {
      "name": "No. Wang Liuzhou Luosi Rice Noodles-Smelly And Spicy Plus (400g)",
      "price": "$3.97",
      "unit": "N/A",
      "original_price": "$4.99",
      "image_url": "https://www.tntsupermarket.com/media/catalog/product/cache/ad090bb053b58bc42f88d3483efa05b3/5/3/5335750101737579038.jpg",
      "store": "tnt_supermarket"
    },
    {
      "name": "Luo Ba Wang Mushroom Flavour Liuzhou Style Rice Noodle (400g)",
      "price": "$3.97",
      "unit": "N/A",
      "original_price": "$4.99",
      "image_url": "https://www.tntsupermarket.com/media/catalog/product/cache/ad090bb053b58bc42f88d3483efa05b3/5/1/5150020101665775480_1.jpg",
      "store": "tnt_supermarket"
    },
    {
      "name": "Kadoya Roasted Sesame Oil – Medium (327mL)",
      "price": "$5.97",
      "unit": "N/A",
      "original_price": "$6.99",
      "image_url": "https://www.tntsupermarket.com/media/catalog/product/cache/ad090bb053b58bc42f88d3483efa05b3/6/1/6117020101744060869.jpg",
      "store": "tnt_supermarket"
    },
    {
      "name": "Holiday Luncheon Meat (340g)",
      "price": "$2.32",
      "unit": "N/A",
      "original_price": "$2.59",
      "image_url": "https://www.tntsupermarket.com/media/catalog/product/cache/ad090bb053b58bc42f88d3483efa05b3/6/5/6515350101591864745_1.jpg",
      "store": "tnt_supermarket"
    },
    {
      "name": "Da Shan He Premium White Shiitake Mushroom (375g)",
      "price": "$14.97",
      "unit": "N/A",
      "original_price": "$18.99",
      "image_url": "https://www.tntsupermarket.com/media/catalog/product/cache/ad090bb053b58bc42f88d3483efa05b3/5/0/5074010101654199346_1.jpg",
      "store": "tnt_supermarket"
    },
    {
      "name": "Da Shan He Mini Flower Shiitake (400g)",
      "price": "$15.97",
      "unit": "N/A",
      "original_price": "$19.99",
      "image_url": "https://www.tntsupermarket.com/media/catalog/product/cache/ad090bb053b58bc42f88d3483efa05b3/5/2/5263700101720729319_1.jpg",
      "store": "tnt_supermarket"
    },
    {
      "name": "Da Shan He Shitake Mushrom (200g)",
      "price": "$7.97",
      "unit": "N/A",
      "original_price": "$9.99",
      "image_url": "https://www.tntsupermarket.com/media/catalog/product/cache/ad090bb053b58bc42f88d3483efa05b3/7/6/7664360101591873032_1.jpg",
      "store": "tnt_supermarket"
    },
    {
      "name": "Great Mountain Gm On Ginseng-XL-Med-Short (200g)",
      "price": "$53.97",
      "unit": "N/A",
      "original_price": "$69.99",
      "image_url": "https://www.tntsupermarket.com/media/catalog/product/cache/ad090bb053b58bc42f88d3483efa05b3/7/5/7548240101591870122_1.jpg",
      "store": "tnt_supermarket"
    },
    {
      "name": "Great Mountain Ontginseng-Slices (120g)",
      "price": "$39.97",
      "unit": "N/A",
      "original_price": "$47.99",
      "image_url": "https://www.tntsupermarket.com/media/catalog/product/cache/ad090bb053b58bc42f88d3483efa05b3/7/5/7549690101591870185_1.jpg",
      "store": "tnt_supermarket"
    },
    {
      "name": "Great Mountain Canadian Ginseng Chips (227g)",
      "price": "$29.97",
      "unit": "N/A",
      "original_price": "$39.99",
      "image_url": "https://www.tntsupermarket.com/media/catalog/product/cache/ad090bb053b58bc42f88d3483efa05b3/7/4/7459520101591869643_1.jpg",
      "store": "tnt_supermarket"
    },
    {
      "name": "Fuku Superior Soup Instant Noodles (90gx5)",
      "price": "$3.94",
      "unit": "N/A",
      "original_price": "$4.59",
      "image_url": "https://www.tntsupermarket.com/media/catalog/product/cache/ad090bb053b58bc42f88d3483efa05b3/7/3/7303850101591868400_1.jpg",
      "store": "tnt_supermarket"
    },
    {
      "name": "Fuku Superior Soup Instant Rice Noodles (65gx5)",
      "price": "$3.94",
      "unit": "N/A",
      "original_price": "$4.59",
      "image_url": "https://www.tntsupermarket.com/media/catalog/product/cache/ad090bb053b58bc42f88d3483efa05b3/7/3/7303840101591868386_1.jpg",
      "store": "tnt_supermarket"
    },
    {
      "name": "Nissin Demae Ramen Roast Beef Instant Noodles (100gx5)",
      "price": "$3.94",
      "unit": "N/A",
      "original_price": "$5.49",
      "image_url": "https://www.tntsupermarket.com/media/catalog/product/cache/ad090bb053b58bc42f88d3483efa05b3/7/8/7872230101601386228_1.jpg",
      "store": "tnt_supermarket"
    },
    {
      "name": "Nissin Demae Ramen Chicken Instant Noodles (100gx5)",
      "price": "$3.94",
      "unit": "N/A",
      "original_price": "$4.99",
      "image_url": "https://www.tntsupermarket.com/media/catalog/product/cache/ad090bb053b58bc42f88d3483efa05b3/7/3/7307750101591868539_1.jpg",
      "store": "tnt_supermarket"
    },
    {
      "name": "Nissin Demae Ramen Seafood Instant Noodles (100gx5)",
      "price": "$3.94",
      "unit": "N/A",
      "original_price": "$5.49",
      "image_url": "https://www.tntsupermarket.com/media/catalog/product/cache/ad090bb053b58bc42f88d3483efa05b3/m/i/microsoftteams-image_29__1.png",
      "store": "tnt_supermarket"
    },
    {
      "name": "Nissin Demae Ramen Shoyu Tonkotsu Instant Noodles (100gx5)",
      "price": "$3.94",
      "unit": "N/A",
      "original_price": "$4.99",
      "image_url": "https://www.tntsupermarket.com/media/catalog/product/cache/ad090bb053b58bc42f88d3483efa05b3/7/8/7872360101666361020_1.jpg",
      "store": "tnt_supermarket"
    },
    {
      "name": "Datu Puti Soy Sauce & Vinegar (1Lx2)",
      "price": "$5.97",
      "unit": "N/A",
      "original_price": "$6.99",
      "image_url": "https://www.tntsupermarket.com/media/catalog/product/cache/ad090bb053b58bc42f88d3483efa05b3/7/1/713826_-_datu_puti_value_pack_1l_.jpg",
      "store": "tnt_supermarket"
    },
    {
      "name": "Silver Swan All-in-One Seasoning Granules (96g)",
      "price": "$1.66",
      "unit": "N/A",
      "original_price": "$2.29",
      "image_url": "https://www.tntsupermarket.com/media/catalog/product/cache/ad090bb053b58bc42f88d3483efa05b3/5/2/5293870101741363241.jpg",
      "store": "tnt_supermarket"
    },
    {
      "name": "555 Sardines In Tomato Sauce (155g)",
      "price": "$0.99",
      "unit": "N/A",
      "original_price": "$1.59",
      "image_url": "https://www.tntsupermarket.com/media/catalog/product/cache/ad090bb053b58bc42f88d3483efa05b3/6/9/6904620101724264463_1.jpg",
      "store": "tnt_supermarket"
    },
    {
      "name": "555 Sardines In Tomato Sauce With Chili (155g)",
      "price": "$0.99",
      "unit": "N/A",
      "original_price": "$1.59",
      "image_url": "https://www.tntsupermarket.com/media/catalog/product/cache/ad090bb053b58bc42f88d3483efa05b3/6/9/6904630101724264465_1.jpg",
      "store": "tnt_supermarket"
    },
    {
      "name": "Cung Dinh Beef Flavour Rice Noodle (70gx4)",
      "price": "$3.49",
      "unit": "N/A",
      "original_price": "$4.99",
      "image_url": "https://www.tntsupermarket.com/media/catalog/product/cache/ad090bb053b58bc42f88d3483efa05b3/5/2/5266540101724264409_1.jpg",
      "store": "tnt_supermarket"
    },
    {
      "name": "Cung Dinh Chicken Rice Noodle (70gx4)",
      "price": "$3.49",
      "unit": "N/A",
      "original_price": "$4.99",
      "image_url": "https://www.tntsupermarket.com/media/catalog/product/cache/ad090bb053b58bc42f88d3483efa05b3/5/2/5266550101724264411_1.jpg",
      "store": "tnt_supermarket"
    },
    {
      "name": "Super Q Special Chinese Noodles / Pancit Canton (454g)",
      "price": "$3.57",
      "unit": "N/A",
      "original_price": "$4.99",
      "image_url": "https://www.tntsupermarket.com/media/catalog/product/cache/ad090bb053b58bc42f88d3483efa05b3/7/1/7127960101674243213_1.jpg",
      "store": "tnt_supermarket"
    },
    {
      "name": "Bangkok Meat Balls Brand Hot Chili Oil (250mL)",
      "price": "$4.97",
      "unit": "N/A",
      "original_price": "$6.99",
      "image_url": "https://www.tntsupermarket.com/media/catalog/product/cache/ad090bb053b58bc42f88d3483efa05b3/7/0/7088570101591867369_1.jpg",
      "store": "tnt_supermarket"
    },
    {
      "name": "Ttx Chopped Red Chili 425g",
      "price": "$2.97",
      "unit": "N/A",
      "original_price": "$3.79",
      "image_url": "https://www.tntsupermarket.com/media/catalog/product/cache/ad090bb053b58bc42f88d3483efa05b3/1/_/1_42_14.jpg",
      "store": "tnt_supermarket"
    },
    {
      "name": "Lee Kum Kee Seasoned Soy Sauce For Dumplings (207ml)",
      "price": "$5.47",
      "unit": "N/A",
      "original_price": "$6.79",
      "image_url": "https://www.tntsupermarket.com/media/catalog/product/cache/ad090bb053b58bc42f88d3483efa05b3/7/5/7573670101665775879_1.jpg",
      "store": "tnt_supermarket"
    },
    {
      "name": "Budeng Crab Noodles (210g)",
      "price": "$4.99",
      "unit": "N/A",
      "original_price": "$6.49",
      "image_url": "https://www.tntsupermarket.com/media/catalog/product/cache/ad090bb053b58bc42f88d3483efa05b3/5/2/5260620101743528631.jpg",
      "store": "tnt_supermarket"
    },
    {
      "name": "Budeng Spicy Crab Noodles (198g)",
      "price": "$4.99",
      "unit": "N/A",
      "original_price": "$6.99",
      "image_url": "https://www.tntsupermarket.com/media/catalog/product/cache/ad090bb053b58bc42f88d3483efa05b3/5/2/5260610101706308423_1.jpg",
      "store": "tnt_supermarket"
    },
    {
      "name": "Kangshifu Spicy Beef Noodle (128gx5)",
      "price": "$4.50",
      "unit": "N/A",
      "original_price": "$5.29",
      "image_url": "https://www.tntsupermarket.com/media/catalog/product/cache/ad090bb053b58bc42f88d3483efa05b3/5/2/5226840101680802212_1.jpg",
      "store": "tnt_supermarket"
    },
    {
      "name": "Chen Ke Ming Wide Flat Noodles-Original (1000g)",
      "price": "$3.49",
      "unit": "N/A",
      "original_price": "$4.29",
      "image_url": "https://www.tntsupermarket.com/media/catalog/product/cache/ad090bb053b58bc42f88d3483efa05b3/5/0/5021150101671138105_1.jpg",
      "store": "tnt_supermarket"
    },
    {
      "name": "Chen Ke Ming Fine Flat Noodles-Original 1000g",
      "price": "$3.49",
      "unit": "N/A",
      "original_price": "$4.29",
      "image_url": "https://www.tntsupermarket.com/media/catalog/product/cache/ad090bb053b58bc42f88d3483efa05b3/5/0/5021160101671138107_1.jpg",
      "store": "tnt_supermarket"
    },
    {
      "name": "Chung Jung One Mixed Soy Bean Paste (500g)",
      "price": "$3.97",
      "unit": "N/A",
      "original_price": "$5.49",
      "image_url": "https://www.tntsupermarket.com/media/catalog/product/cache/ad090bb053b58bc42f88d3483efa05b3/7/9/7967330101685566193_1.jpg",
      "store": "tnt_supermarket"
    },
    {
      "name": "Chungjungone Mild Hot Pepper Paste (500g)",
      "price": "$4.97",
      "unit": "N/A",
      "original_price": "$6.59",
      "image_url": "https://www.tntsupermarket.com/media/catalog/product/cache/ad090bb053b58bc42f88d3483efa05b3/7/9/796735.jpg",
      "store": "tnt_supermarket"
    },
    {
      "name": "Chung Jung One Red Pepper Paste (500g)",
      "price": "$5.97",
      "unit": "N/A",
      "original_price": "$7.99",
      "image_url": "https://www.tntsupermarket.com/media/catalog/product/cache/ad090bb053b58bc42f88d3483efa05b3/7/9/7964560101609170440_1.jpg",
      "store": "tnt_supermarket"
    },
    {
      "name": "Chicken Brand Pickled Sour Mustard (300g)",
      "price": "$1.50",
      "unit": "N/A",
      "original_price": "$1.79",
      "image_url": "https://www.tntsupermarket.com/media/catalog/product/cache/ad090bb053b58bc42f88d3483efa05b3/6/3/6362590101591863588_1.jpg",
      "store": "tnt_supermarket"
    },
    {
      "name": "Kingo Dried Red Chilli  454g",
      "price": "$6.97",
      "unit": "N/A",
      "original_price": "$9.59",
      "image_url": "https://www.tntsupermarket.com/media/catalog/product/cache/ad090bb053b58bc42f88d3483efa05b3/7/4/7487960101601382361_1.jpg",
      "store": "tnt_supermarket"
    },
    {
      "name": "Kingo Red Chilli (300g)",
      "price": "$5.97",
      "unit": "N/A",
      "original_price": "$8.99",
      "image_url": "https://www.tntsupermarket.com/media/catalog/product/cache/ad090bb053b58bc42f88d3483efa05b3/6/6/6690320101733242242.jpg",
      "store": "tnt_supermarket"
    },
    {
      "name": "Kingo Sichuan Prickly Ash 400g",
      "price": "$18.97",
      "unit": "N/A",
      "original_price": "$23.99",
      "image_url": "https://www.tntsupermarket.com/media/catalog/product/cache/ad090bb053b58bc42f88d3483efa05b3/7/4/7487930101591868020_1.jpg",
      "store": "tnt_supermarket"
    },
    {
      "name": "Gold Plum 17.5% Cooking Wine (640ml)",
      "price": "$1.99",
      "unit": "N/A",
      "original_price": "$2.79",
      "image_url": "https://www.tntsupermarket.com/media/catalog/product/cache/ad090bb053b58bc42f88d3483efa05b3/6/7/67121301.jpg",
      "store": "tnt_supermarket"
    },
    {
      "name": "Gold Plum Cooking Wine 9.5% Alcohol (640mL)",
      "price": "$1.99",
      "unit": "N/A",
      "original_price": "$2.79",
      "image_url": "https://www.tntsupermarket.com/media/catalog/product/cache/ad090bb053b58bc42f88d3483efa05b3/6/6/66714401.jpg",
      "store": "tnt_supermarket"
    },
    {
      "name": "Sempio Korean Bbq Sauce (900g)",
      "price": "$4.97",
      "unit": "N/A",
      "original_price": "$5.99",
      "image_url": "https://www.tntsupermarket.com/media/catalog/product/cache/ad090bb053b58bc42f88d3483efa05b3/7/0/7060420101713208854_1.jpg",
      "store": "tnt_supermarket"
    },
    {
      "name": "Sempio Bulgogi Sauce (900g)",
      "price": "$4.97",
      "unit": "N/A",
      "original_price": "$5.99",
      "image_url": "https://www.tntsupermarket.com/media/catalog/product/cache/ad090bb053b58bc42f88d3483efa05b3/7/0/706041_1_1.jpg",
      "store": "tnt_supermarket"
    },
    {
      "name": "Mama Chicken Instant Noodles (55gx5)",
      "price": "$2.75",
      "unit": "N/A",
      "original_price": "$3.99",
      "image_url": "https://www.tntsupermarket.com/media/catalog/product/cache/ad090bb053b58bc42f88d3483efa05b3/6/9/6956840101601380971_1.jpg",
      "store": "tnt_supermarket"
    },
    {
      "name": "Mama Pork Instant Noodles (60gx5)",
      "price": "$2.75",
      "unit": "N/A",
      "original_price": "$3.99",
      "image_url": "https://www.tntsupermarket.com/media/catalog/product/cache/ad090bb053b58bc42f88d3483efa05b3/6/9/6963380101591866089_1.jpg",
      "store": "tnt_supermarket"
    },
    {
      "name": "Mama Tom Yum Shrimp Instant Noodles (60gx5)",
      "price": "$2.75",
      "unit": "N/A",
      "original_price": "$3.99",
      "image_url": "https://www.tntsupermarket.com/media/catalog/product/cache/ad090bb053b58bc42f88d3483efa05b3/6/9/69568301_3_.jpg",
      "store": "tnt_supermarket"
    },
    {
      "name": "Chin Chin Canned Grass Jelly (540g)",
      "price": "$2.49",
      "unit": "N/A",
      "original_price": "$3.39",
      "image_url": "https://www.tntsupermarket.com/media/catalog/product/cache/ad090bb053b58bc42f88d3483efa05b3/6/2/6247350101591862677_1.jpg",
      "store": "tnt_supermarket"
    },
    {
      "name": "Chin Chin Green Ai-Yu Jelly (540g)",
      "price": "$2.49",
      "unit": "N/A",
      "original_price": "$3.39",
      "image_url": "https://www.tntsupermarket.com/media/catalog/product/cache/ad090bb053b58bc42f88d3483efa05b3/6/2/6247400101687459546_1.jpg",
      "store": "tnt_supermarket"
    },
    {
      "name": "Silver Swan  Soy Sauce (1000ml)",
      "price": "$2.97",
      "unit": "N/A",
      "original_price": "$4.29",
      "image_url": "https://www.tntsupermarket.com/media/catalog/product/cache/ad090bb053b58bc42f88d3483efa05b3/7/1/7169010101591866920_1.jpg",
      "store": "tnt_supermarket"
    },
    {
      "name": "Rakki Premium Shushi Rice (10lbs)",
      "price": "$13.97",
      "unit": "N/A",
      "original_price": "$19.99",
      "image_url": "https://www.tntsupermarket.com/media/catalog/product/cache/ad090bb053b58bc42f88d3483efa05b3/5/2/5271820101717511477_1.jpg",
      "store": "tnt_supermarket"
    },
    {
      "name": "Brands Birds Nest Sugar Free (68mlx6)",
      "price": "$56.99",
      "unit": "N/A",
      "original_price": "$79.99",
      "image_url": "https://www.tntsupermarket.com/media/catalog/product/cache/ad090bb053b58bc42f88d3483efa05b3/6/4/6441900101591864066_1.jpg",
      "store": "tnt_supermarket"
    },
    {
      "name": "T&T Canola Oil (3L)",
      "price": "$7.99",
      "unit": "N/A",
      "original_price": "$12.99",
      "image_url": "https://www.tntsupermarket.com/media/catalog/product/cache/ad090bb053b58bc42f88d3483efa05b3/7/0/7067410101728421900_1.jpg",
      "store": "tnt_supermarket"
    },
    {
      "name": "T&T Glutinous Rice (1.8kg / 4lb)",
      "price": "$4.49",
      "unit": "N/A",
      "original_price": "$5.79",
      "image_url": "https://www.tntsupermarket.com/media/catalog/product/cache/ad090bb053b58bc42f88d3483efa05b3/7/2/7287420101591867962_1.jpg",
      "store": "tnt_supermarket"
    },
    {
      "name": "T&T Thai Organic Jasmine Rice (2kg)",
      "price": "$8.99",
      "unit": "N/A",
      "original_price": "$12.49",
      "image_url": "https://www.tntsupermarket.com/media/catalog/product/cache/ad090bb053b58bc42f88d3483efa05b3/7/5/75343201-3.jpg",
      "store": "tnt_supermarket"
    },
    {
      "name": "T&T Dried Mini Shiitake Mushroom (200g)",
      "price": "$7.97",
      "unit": "N/A",
      "original_price": "$9.99",
      "image_url": "https://www.tntsupermarket.com/media/catalog/product/cache/ad090bb053b58bc42f88d3483efa05b3/7/6/7605620101666813241_1.jpg",
      "store": "tnt_supermarket"
    },
    {
      "name": "Tung Fung Organic Mung Bean (800g)",
      "price": "$6.99",
      "unit": "N/A",
      "original_price": "$7.99",
      "image_url": "https://www.tntsupermarket.com/media/catalog/product/cache/ad090bb053b58bc42f88d3483efa05b3/7/7/7745880101733176271.jpg",
      "store": "tnt_supermarket"
    },
    {
      "name": "Tung Fung Organic Red Bean (800g)",
      "price": "$6.99",
      "unit": "N/A",
      "original_price": "$7.99",
      "image_url": "https://www.tntsupermarket.com/media/catalog/product/cache/ad090bb053b58bc42f88d3483efa05b3/7/7/7745960101733176279.jpg",
      "store": "tnt_supermarket"
    },
    {
      "name": "Tung Fung Organic Peanut (908g)",
      "price": "$6.99",
      "unit": "N/A",
      "original_price": "$7.99",
      "image_url": "https://www.tntsupermarket.com/media/catalog/product/cache/ad090bb053b58bc42f88d3483efa05b3/5/0/5043890101671138216_1.jpg",
      "store": "tnt_supermarket"
    },
    {
      "name": "T&T 18 Multigrain Rice (1.2kg)",
      "price": "$7.99",
      "unit": "N/A",
      "original_price": "$8.49",
      "image_url": "https://www.tntsupermarket.com/media/catalog/product/cache/ad090bb053b58bc42f88d3483efa05b3/5/0/5053030101635366607_1.jpg",
      "store": "tnt_supermarket"
    },
    {
      "name": "T&T Mini White Shiitake Mushroom (227g)",
      "price": "$9.97",
      "unit": "N/A",
      "original_price": "$13.69",
      "image_url": "https://www.tntsupermarket.com/media/catalog/product/cache/ad090bb053b58bc42f88d3483efa05b3/7/8/78666101-1.jpg",
      "store": "tnt_supermarket"
    },
    {
      "name": "T&T Organic Goji Berry (227g)",
      "price": "$7.97",
      "unit": "N/A",
      "original_price": "$9.99",
      "image_url": "https://www.tntsupermarket.com/media/catalog/product/cache/ad090bb053b58bc42f88d3483efa05b3/7/8/787189_t_t_qinghai_organic_dried_goji_berry_.jpg",
      "store": "tnt_supermarket"
    },
    {
      "name": "T&T Vegetable Oil (3L)",
      "price": "$7.99",
      "unit": "N/A",
      "original_price": "$11.99",
      "image_url": "https://www.tntsupermarket.com/media/catalog/product/cache/ad090bb053b58bc42f88d3483efa05b3/5/2/5244140101726693809_1.jpg",
      "store": "tnt_supermarket"
    },
    {
      "name": "Jiaduobao Herbal Tea (310mlx6)",
      "price": "$5.87",
      "unit": "N/A",
      "original_price": "$7.99",
      "image_url": "https://www.tntsupermarket.com/media/catalog/product/cache/ad090bb053b58bc42f88d3483efa05b3/7/4/7428610201591869235_1.jpg",
      "store": "tnt_supermarket"
    },
    {
      "name": "San Pellegrino Lemon Sparking Drinks (330mlx6)",
      "price": "$6.00",
      "unit": "N/A",
      "original_price": "$6.99",
      "image_url": "https://www.tntsupermarket.com/media/catalog/product/cache/ad090bb053b58bc42f88d3483efa05b3/7/0/708336_1.jpg",
      "store": "tnt_supermarket"
    },
    {
      "name": "San Pellegrino Sparkling Drink - Orange (330mlx6)",
      "price": "$6.00",
      "unit": "N/A",
      "original_price": "$6.99",
      "image_url": "https://www.tntsupermarket.com/media/catalog/product/cache/ad090bb053b58bc42f88d3483efa05b3/7/0/7083330101737579052.jpg",
      "store": "tnt_supermarket"
    },
    {
      "name": "Quaker 5 Black Mix Multi-Grain Instant Cereals (518g)",
      "price": "$6.50",
      "unit": "N/A",
      "original_price": "$7.99",
      "image_url": "https://www.tntsupermarket.com/media/catalog/product/cache/ad090bb053b58bc42f88d3483efa05b3/5/2/5230960101715092822_1.jpg",
      "store": "tnt_supermarket"
    },
    {
      "name": "Quaker 5 Red Mix Multi-Grain Instant Cereals (480g)",
      "price": "$6.50",
      "unit": "N/A",
      "original_price": "$7.99",
      "image_url": "https://www.tntsupermarket.com/media/catalog/product/cache/ad090bb053b58bc42f88d3483efa05b3/5/2/5230970101687459428_1.jpg",
      "store": "tnt_supermarket"
    },
    {
      "name": "Quaker 5 White Mix Multi-Grain Instant Cereals (460g)",
      "price": "$6.50",
      "unit": "N/A",
      "original_price": "$7.99",
      "image_url": "https://www.tntsupermarket.com/media/catalog/product/cache/ad090bb053b58bc42f88d3483efa05b3/5/2/5259770101715092825_1.jpg",
      "store": "tnt_supermarket"
    },
    {
      "name": "Kjeldsens Butter Cookies - Blue (908g)",
      "price": "$14.97",
      "unit": "N/A",
      "original_price": "$17.99",
      "image_url": "https://www.tntsupermarket.com/media/catalog/product/cache/ad090bb053b58bc42f88d3483efa05b3/6/4/6453250101591864248_1.jpg",
      "store": "tnt_supermarket"
    },
    {
      "name": "Calleton Egg Wrap Toast (300g)",
      "price": "$4.27",
      "unit": "N/A",
      "original_price": "$5.99",
      "image_url": "https://www.tntsupermarket.com/media/catalog/product/cache/ad090bb053b58bc42f88d3483efa05b3/5/3/5322330101749828006.jpg",
      "store": "tnt_supermarket"
    },
    {
      "name": "Norbeta Wheat Bagel Bread (245g)",
      "price": "$4.27",
      "unit": "N/A",
      "original_price": "$4.99",
      "image_url": "https://www.tntsupermarket.com/media/catalog/product/cache/ad090bb053b58bc42f88d3483efa05b3/5/2/5287310101714491020_1.jpg",
      "store": "tnt_supermarket"
    },
    {
      "name": "Calleton Hong Kong Style Egg Puff Cake (288g)",
      "price": "$4.27",
      "unit": "N/A",
      "original_price": "$5.99",
      "image_url": "https://www.tntsupermarket.com/media/catalog/product/cache/ad090bb053b58bc42f88d3483efa05b3/5/3/5322340101729626050_1.jpg",
      "store": "tnt_supermarket"
    },
    {
      "name": "Norbeta Chocolate Croissant (245g)",
      "price": "$4.27",
      "unit": "N/A",
      "original_price": "$4.99",
      "image_url": "https://www.tntsupermarket.com/media/catalog/product/cache/ad090bb053b58bc42f88d3483efa05b3/5/2/5287330101749828005.jpg",
      "store": "tnt_supermarket"
    },
    {
      "name": "Calleton Mini Soft Baguette (240g)",
      "price": "$4.27",
      "unit": "N/A",
      "original_price": "$5.99",
      "image_url": "https://www.tntsupermarket.com/media/catalog/product/cache/ad090bb053b58bc42f88d3483efa05b3/5/3/5322350101729626051_1.jpg",
      "store": "tnt_supermarket"
    },
    {
      "name": "Norbeta Smiley Egg Puff Cake (248g)",
      "price": "$4.27",
      "unit": "N/A",
      "original_price": "$4.99",
      "image_url": "https://www.tntsupermarket.com/media/catalog/product/cache/ad090bb053b58bc42f88d3483efa05b3/5/3/5322360101741363255.jpg",
      "store": "tnt_supermarket"
    },
    {
      "name": "Chacha Roasted Caramel Sunflower Seeds (260g)",
      "price": "$2.27",
      "unit": "N/A",
      "original_price": "$2.99",
      "image_url": "https://www.tntsupermarket.com/media/catalog/product/cache/ad090bb053b58bc42f88d3483efa05b3/7/7/7793330101591876539_1.jpg",
      "store": "tnt_supermarket"
    },
    {
      "name": "Chacha Chinese Pecan-Flavoured Sunflower Seeds (260g)",
      "price": "$2.27",
      "unit": "N/A",
      "original_price": "$2.99",
      "image_url": "https://www.tntsupermarket.com/media/catalog/product/cache/ad090bb053b58bc42f88d3483efa05b3/7/7/7793340101591876554_1.jpg",
      "store": "tnt_supermarket"
    },
    {
      "name": "Chacha Pepper Sunflower Seeds (227g)",
      "price": "$2.27",
      "unit": "N/A",
      "original_price": "$2.99",
      "image_url": "https://www.tntsupermarket.com/media/catalog/product/cache/ad090bb053b58bc42f88d3483efa05b3/5/2/5231730101686252694_1.jpg",
      "store": "tnt_supermarket"
    },
    {
      "name": "Chacha Sea-Salted Sunflower Seeds (260g)",
      "price": "$2.27",
      "unit": "N/A",
      "original_price": "$2.99",
      "image_url": "https://www.tntsupermarket.com/media/catalog/product/cache/ad090bb053b58bc42f88d3483efa05b3/5/2/5231740101686252696_1.jpg",
      "store": "tnt_supermarket"
    },
    {
      "name": "Cha Cheer Spiced Flavour Sunflower Seeds (260g)",
      "price": "$2.27",
      "unit": "N/A",
      "original_price": "$2.99",
      "image_url": "https://www.tntsupermarket.com/media/catalog/product/cache/ad090bb053b58bc42f88d3483efa05b3/7/9/7911730101591877398_1.jpg",
      "store": "tnt_supermarket"
    },
    {
      "name": "Cha Cheer Original Flavour Sunflower Seeds (260g)",
      "price": "$2.27",
      "unit": "N/A",
      "original_price": "$2.99",
      "image_url": "https://www.tntsupermarket.com/media/catalog/product/cache/ad090bb053b58bc42f88d3483efa05b3/7/9/7911740101591877413_1.jpg",
      "store": "tnt_supermarket"
    },
    {
      "name": "Huang Fei Hong Spicy Peanuts (210g)",
      "price": "$2.75",
      "unit": "N/A",
      "original_price": "$3.79",
      "image_url": "https://www.tntsupermarket.com/media/catalog/product/cache/ad090bb053b58bc42f88d3483efa05b3/7/6/7670420101591873245_1.jpg",
      "store": "tnt_supermarket"
    },
    {
      "name": "Nongshim Banana Kick Snack (45g)",
      "price": "$1.44",
      "unit": "N/A",
      "original_price": "$1.79",
      "image_url": "https://www.tntsupermarket.com/media/catalog/product/cache/ad090bb053b58bc42f88d3483efa05b3/5/3/5355580101752009040.jpg",
      "store": "tnt_supermarket"
    },
    {
      "name": "Nongshim Shrimp Flavoureded Chips (45g)",
      "price": "$1.44",
      "unit": "N/A",
      "original_price": "$1.79",
      "image_url": "https://www.tntsupermarket.com/media/catalog/product/cache/ad090bb053b58bc42f88d3483efa05b3/6/9/6959780101591866045_1.jpg",
      "store": "tnt_supermarket"
    },
    {
      "name": "Nong Shim Onion Ring (50g)",
      "price": "$1.44",
      "unit": "N/A",
      "original_price": "$1.79",
      "image_url": "https://www.tntsupermarket.com/media/catalog/product/cache/ad090bb053b58bc42f88d3483efa05b3/6/4/6431040101591858422_1.jpg",
      "store": "tnt_supermarket"
    },
    {
      "name": "Nong Shim Cuttle Fish Snack (55g)",
      "price": "$1.44",
      "unit": "N/A",
      "original_price": "$1.79",
      "image_url": "https://www.tntsupermarket.com/media/catalog/product/cache/ad090bb053b58bc42f88d3483efa05b3/6/4/6400530101591863752_1.jpg",
      "store": "tnt_supermarket"
    },
    {
      "name": "Nongshim Gochujang Spicy Shrimp Flavoureded Crackers (75g)",
      "price": "$1.44",
      "unit": "N/A",
      "original_price": "$1.79",
      "image_url": "https://www.tntsupermarket.com/media/catalog/product/cache/ad090bb053b58bc42f88d3483efa05b3/5/1/5114140101741209607.jpg",
      "store": "tnt_supermarket"
    },
    {
      "name": "Nongshim Spicy Shrimp Flavoureded Crackers (75g)",
      "price": "$1.44",
      "unit": "N/A",
      "original_price": "$1.79",
      "image_url": "https://www.tntsupermarket.com/media/catalog/product/cache/ad090bb053b58bc42f88d3483efa05b3/6/3/6309570101591863155_1.jpg",
      "store": "tnt_supermarket"
    },
    {
      "name": "Nongshim Shrimp Flavoureded Crackers (75g)",
      "price": "$1.44",
      "unit": "N/A",
      "original_price": "$1.79",
      "image_url": "https://www.tntsupermarket.com/media/catalog/product/cache/ad090bb053b58bc42f88d3483efa05b3/6/4/6431000101591863872_1.jpg",
      "store": "tnt_supermarket"
    },
    {
      "name": "Honey Twist Snack Nong Shim (75g)",
      "price": "$1.44",
      "unit": "N/A",
      "original_price": "$1.79",
      "image_url": "https://www.tntsupermarket.com/media/catalog/product/cache/ad090bb053b58bc42f88d3483efa05b3/6/4/6441060101686853368_1.jpg",
      "store": "tnt_supermarket"
    },
    {
      "name": "Nongshim Salsa Shrimp Flavoured Chips (45g)",
      "price": "$1.44",
      "unit": "N/A",
      "original_price": "$1.79",
      "image_url": "https://www.tntsupermarket.com/media/catalog/product/cache/ad090bb053b58bc42f88d3483efa05b3/5/3/53443901_1.jpg",
      "store": "tnt_supermarket"
    },
    {
      "name": "Nongshim Spicy Onion Rings (40g)",
      "price": "$1.44",
      "unit": "N/A",
      "original_price": "$1.79",
      "image_url": "https://www.tntsupermarket.com/media/catalog/product/cache/ad090bb053b58bc42f88d3483efa05b3/5/3/5337760101748975423.jpg",
      "store": "tnt_supermarket"
    },
    {
      "name": "Wahaha AD Yogurt Drink (220gx4)",
      "price": "$3.98",
      "unit": "N/A",
      "original_price": "$4.99",
      "image_url": "https://www.tntsupermarket.com/media/catalog/product/cache/ad090bb053b58bc42f88d3483efa05b3/5/0/5002880101667411408_1.jpg",
      "store": "tnt_supermarket"
    },
    {
      "name": "Koikei Almond Cookie - Box (260g)",
      "price": "$8.97",
      "unit": "N/A",
      "original_price": "$9.99",
      "image_url": "https://www.tntsupermarket.com/media/catalog/product/cache/ad090bb053b58bc42f88d3483efa05b3/6/6/6662850101609158243_1.jpg",
      "store": "tnt_supermarket"
    },
    {
      "name": "Koikei-Black Sesame Almond Cookies (260g)",
      "price": "$8.97",
      "unit": "N/A",
      "original_price": "$9.99",
      "image_url": "https://www.tntsupermarket.com/media/catalog/product/cache/ad090bb053b58bc42f88d3483efa05b3/6/7/6765830101609158675_1.jpg",
      "store": "tnt_supermarket"
    },
    {
      "name": "T&T Dried Pork Floss (340g)",
      "price": "$9.97",
      "unit": "N/A",
      "original_price": "$12.99",
      "image_url": "https://www.tntsupermarket.com/media/catalog/product/cache/ad090bb053b58bc42f88d3483efa05b3/7/3/7343230111591867692_1.jpg",
      "store": "tnt_supermarket"
    },
    {
      "name": "T&T Crispy Shredded Dried Pork Floss (340g)",
      "price": "$9.97",
      "unit": "N/A",
      "original_price": "$12.99",
      "image_url": "https://www.tntsupermarket.com/media/catalog/product/cache/ad090bb053b58bc42f88d3483efa05b3/7/3/7343240111591867710_1.jpg",
      "store": "tnt_supermarket"
    },
    {
      "name": "T&T Crispy Dried Pork Floss With Seaweed (340g)",
      "price": "$9.97",
      "unit": "N/A",
      "original_price": "$12.99",
      "image_url": "https://www.tntsupermarket.com/media/catalog/product/cache/ad090bb053b58bc42f88d3483efa05b3/7/3/7343250111591867728_1.jpg",
      "store": "tnt_supermarket"
    },
    {
      "name": "Orihiro Peach & Cherry Konjac Jelly (12x20g)",
      "price": "$2.50",
      "unit": "N/A",
      "original_price": "$3.99",
      "image_url": "https://www.tntsupermarket.com/media/catalog/product/cache/ad090bb053b58bc42f88d3483efa05b3/5/3/5345290101744813236.jpg",
      "store": "tnt_supermarket"
    },
    {
      "name": "Orihiro Orange & Grape Jelly Ice (240g)",
      "price": "$2.50",
      "unit": "N/A",
      "original_price": "$4.39",
      "image_url": "https://www.tntsupermarket.com/media/catalog/product/cache/ad090bb053b58bc42f88d3483efa05b3/5/3/5359050101749826269.jpg",
      "store": "tnt_supermarket"
    },
    {
      "name": "Orihiro Soda & Cola Jelly Ice (240g)",
      "price": "$2.50",
      "unit": "N/A",
      "original_price": "$4.39",
      "image_url": "https://www.tntsupermarket.com/media/catalog/product/cache/ad090bb053b58bc42f88d3483efa05b3/5/3/5359060101749826270.jpg",
      "store": "tnt_supermarket"
    },
    {
      "name": "Orihiro Milk Coffee Jelly Ice (200g)",
      "price": "$2.50",
      "unit": "N/A",
      "original_price": "$4.39",
      "image_url": "https://www.tntsupermarket.com/media/catalog/product/cache/ad090bb053b58bc42f88d3483efa05b3/5/3/5359070101749826271.jpg",
      "store": "tnt_supermarket"
    },
    {
      "name": "Orihiro Pudding Konjac Jelly (200g)",
      "price": "$2.50",
      "unit": "N/A",
      "original_price": "$4.39",
      "image_url": "https://www.tntsupermarket.com/media/catalog/product/cache/ad090bb053b58bc42f88d3483efa05b3/5/3/5359080101749826273.jpg",
      "store": "tnt_supermarket"
    },
    {
      "name": "Want Want Jelly Drink (150gx5)",
      "price": "$3.29",
      "unit": "N/A",
      "original_price": "$3.99",
      "image_url": "https://www.tntsupermarket.com/media/catalog/product/cache/ad090bb053b58bc42f88d3483efa05b3/7/9/7959980101743528846.jpg",
      "store": "tnt_supermarket"
    },
    {
      "name": "SkyFlakes Cracker Sandwich – Creamy Condensada Flavour (300g)",
      "price": "$2.77",
      "unit": "N/A",
      "original_price": "$3.29",
      "image_url": "https://www.tntsupermarket.com/media/catalog/product/cache/ad090bb053b58bc42f88d3483efa05b3/7/5/7593830101743528813.jpg",
      "store": "tnt_supermarket"
    },
    {
      "name": "Skyflakes Tsokolate Crackers (300g)",
      "price": "$2.77",
      "unit": "N/A",
      "original_price": "$3.29",
      "image_url": "https://www.tntsupermarket.com/media/catalog/product/cache/ad090bb053b58bc42f88d3483efa05b3/7/5/7593840101741209647.jpg",
      "store": "tnt_supermarket"
    },
    {
      "name": "Skyflakes Sweet Butter Sandwich Biscuit (300g)",
      "price": "$2.77",
      "unit": "N/A",
      "original_price": "$3.99",
      "image_url": "https://www.tntsupermarket.com/media/catalog/product/cache/ad090bb053b58bc42f88d3483efa05b3/7/7/7761280141591872291_1.jpg",
      "store": "tnt_supermarket"
    },
    {
      "name": "Jelliyum Jelly Stick Fruity Flavor (180g)",
      "price": "$0.97",
      "unit": "N/A",
      "original_price": "$1.69",
      "image_url": "https://www.tntsupermarket.com/media/catalog/product/cache/ad090bb053b58bc42f88d3483efa05b3/5/2/5226570101705428037_1.jpg",
      "store": "tnt_supermarket"
    },
    {
      "name": "I'm Real Dehydrated Premium Mango Slice Fat Free (300g)",
      "price": "$5.87",
      "unit": "N/A",
      "original_price": "$7.99",
      "image_url": "https://www.tntsupermarket.com/media/catalog/product/cache/ad090bb053b58bc42f88d3483efa05b3/7/8/7805440101591877726_1.jpg",
      "store": "tnt_supermarket"
    },
    {
      "name": "Bestore Soy Bean Gluten Roll Spicy (100g)",
      "price": "$1.87",
      "unit": "N/A",
      "original_price": "$2.49",
      "image_url": "https://www.tntsupermarket.com/media/catalog/product/cache/ad090bb053b58bc42f88d3483efa05b3/5/0/507645.jpg",
      "store": "tnt_supermarket"
    },
    {
      "name": "Bestore Dried Waxberry 108g",
      "price": "$1.57",
      "unit": "N/A",
      "original_price": "$1.99",
      "image_url": "https://www.tntsupermarket.com/media/catalog/product/cache/ad090bb053b58bc42f88d3483efa05b3/5/1/5120020101681743165_1.jpg",
      "store": "tnt_supermarket"
    },
    {
      "name": "Bestore Yellow Croaker Crispy Snack (40g)",
      "price": "$1.97",
      "unit": "N/A",
      "original_price": "$2.59",
      "image_url": "https://www.tntsupermarket.com/media/catalog/product/cache/ad090bb053b58bc42f88d3483efa05b3/5/2/5251770101706565099_1.jpg",
      "store": "tnt_supermarket"
    },
    {
      "name": "Bestore Tangerine Peel Jujube (200g)",
      "price": "$3.87",
      "unit": "N/A",
      "original_price": "$5.29",
      "image_url": "https://www.tntsupermarket.com/media/catalog/product/cache/ad090bb053b58bc42f88d3483efa05b3/5/3/5303880101723216826_1.jpg",
      "store": "tnt_supermarket"
    },
    {
      "name": "Bestore Stewed Quail Eggs Spicy Flavor (128g)",
      "price": "$2.47",
      "unit": "N/A",
      "original_price": "$2.99",
      "image_url": "https://www.tntsupermarket.com/media/catalog/product/cache/ad090bb053b58bc42f88d3483efa05b3/5/0/5076510101688054412_1.jpg",
      "store": "tnt_supermarket"
    },
    {
      "name": "Bestore Flavor Stewed Quail Egg Five Spices (128g)",
      "price": "$2.47",
      "unit": "N/A",
      "original_price": "$2.99",
      "image_url": "https://www.tntsupermarket.com/media/catalog/product/cache/ad090bb053b58bc42f88d3483efa05b3/5/0/507650.jpg",
      "store": "tnt_supermarket"
    },
    {
      "name": "Bestore Spicy Squid Tentacles (60g)",
      "price": "$2.87",
      "unit": "N/A",
      "original_price": "$3.89",
      "image_url": "https://www.tntsupermarket.com/media/catalog/product/cache/ad090bb053b58bc42f88d3483efa05b3/5/2/5251780101718986259_1.jpg",
      "store": "tnt_supermarket"
    },
    {
      "name": "Bestore Dried Prunes (100g)",
      "price": "$2.87",
      "unit": "N/A",
      "original_price": "$3.49",
      "image_url": "https://www.tntsupermarket.com/media/catalog/product/cache/ad090bb053b58bc42f88d3483efa05b3/5/3/5303920101737579015.jpg",
      "store": "tnt_supermarket"
    },
    {
      "name": "Bestore Dried Sweet Apricot (200g)",
      "price": "$4.87",
      "unit": "N/A",
      "original_price": "$6.29",
      "image_url": "https://www.tntsupermarket.com/media/catalog/product/cache/ad090bb053b58bc42f88d3483efa05b3/5/3/5303910101737150018.jpg",
      "store": "tnt_supermarket"
    },
    {
      "name": "Bestore Dried Yellow Peaches (200g)",
      "price": "$4.87",
      "unit": "N/A",
      "original_price": "$6.29",
      "image_url": "https://www.tntsupermarket.com/media/catalog/product/cache/ad090bb053b58bc42f88d3483efa05b3/5/3/5303900101737150017.jpg",
      "store": "tnt_supermarket"
    },
    {
      "name": "Hai Tai Cheese Cracker (25gx7)",
      "price": "$2.14",
      "unit": "N/A",
      "original_price": "$2.99",
      "image_url": "https://www.tntsupermarket.com/media/catalog/product/cache/ad090bb053b58bc42f88d3483efa05b3/6/1/6119310101591862392_1.jpg",
      "store": "tnt_supermarket"
    },
    {
      "name": "Hai Tai Almond Cracker (22.16gx6)",
      "price": "$2.14",
      "unit": "N/A",
      "original_price": "$2.99",
      "image_url": "https://www.tntsupermarket.com/media/catalog/product/cache/ad090bb053b58bc42f88d3483efa05b3/6/1/6173710101591861946_1.jpg",
      "store": "tnt_supermarket"
    },
    {
      "name": "Hai Tai Original Cracker (24gx7)",
      "price": "$2.14",
      "unit": "N/A",
      "original_price": "$2.99",
      "image_url": "https://www.tntsupermarket.com/media/catalog/product/cache/ad090bb053b58bc42f88d3483efa05b3/7/5/7567140101591869548_1.jpg",
      "store": "tnt_supermarket"
    },
    {
      "name": "Hai Tai Saltine Crackers (20gx7)",
      "price": "$2.14",
      "unit": "N/A",
      "original_price": "$2.99",
      "image_url": "https://www.tntsupermarket.com/media/catalog/product/cache/ad090bb053b58bc42f88d3483efa05b3/7/5/7567160101591869563_1.jpg",
      "store": "tnt_supermarket"
    },
    {
      "name": "Pocari Sweat Ion Supply Drink (580mLx4)",
      "price": "$7.99",
      "unit": "N/A",
      "original_price": "$8.99",
      "image_url": "https://www.tntsupermarket.com/media/catalog/product/cache/ad090bb053b58bc42f88d3483efa05b3/7/9/7951850101688672158_1.jpg",
      "store": "tnt_supermarket"
    },
    {
      "name": "LPPZ CRISP CRACKERS",
      "price": "$3.99",
      "unit": "N/A",
      "original_price": "$4.99",
      "image_url": "https://www.tntsupermarket.com/media/catalog/product/cache/ad090bb053b58bc42f88d3483efa05b3/7/8/7860240101732029666.jpg",
      "store": "tnt_supermarket"
    },
    {
      "name": "A1 Snack Lab Watermelon Flavor Toast (188g)",
      "price": "$4.00",
      "unit": "N/A",
      "original_price": "$4.49",
      "image_url": "https://www.tntsupermarket.com/media/catalog/product/cache/ad090bb053b58bc42f88d3483efa05b3/5/3/5323910101730137808_1.jpg",
      "store": "tnt_supermarket"
    },
    {
      "name": "A1 Snack Lab Mango Flavor Bread (238g)",
      "price": "$4.00",
      "unit": "N/A",
      "original_price": "$5.49",
      "image_url": "https://www.tntsupermarket.com/media/catalog/product/cache/ad090bb053b58bc42f88d3483efa05b3/5/3/5323960101730137809_1.jpg",
      "store": "tnt_supermarket"
    },
    {
      "name": "A1 Snack Lab Banana Flavor Bread (248g)",
      "price": "$4.00",
      "unit": "N/A",
      "original_price": "$5.49",
      "image_url": "https://www.tntsupermarket.com/media/catalog/product/cache/ad090bb053b58bc42f88d3483efa05b3/5/3/5323980101730137810_1.jpg",
      "store": "tnt_supermarket"
    },
    {
      "name": "Five Grain Mill Wuhei Soybean Powder (320g)",
      "price": "$4.99",
      "unit": "N/A",
      "original_price": "$6.99",
      "image_url": "https://www.tntsupermarket.com/media/catalog/product/cache/ad090bb053b58bc42f88d3483efa05b3/5/3/5304750101737150019.jpg",
      "store": "tnt_supermarket"
    },
    {
      "name": "Suntory C.C. Lemon Juice (500mL)",
      "price": "$1.94",
      "unit": "N/A",
      "original_price": "$2.49",
      "image_url": "https://www.tntsupermarket.com/media/catalog/product/cache/ad090bb053b58bc42f88d3483efa05b3/7/5/7502690101753713042.jpg",
      "store": "tnt_supermarket"
    },
    {
      "name": "Ayataka Matcha Latte (440mL)",
      "price": "$2.50",
      "unit": "N/A",
      "original_price": "$3.49",
      "image_url": "https://www.tntsupermarket.com/media/catalog/product/cache/ad090bb053b58bc42f88d3483efa05b3/5/3/5366990101753713032.jpg",
      "store": "tnt_supermarket"
    },
    {
      "name": "Suntory Super Sour C.C. Lemon Soda (500mL)",
      "price": "$1.94",
      "unit": "N/A",
      "original_price": "$2.49",
      "image_url": "https://www.tntsupermarket.com/media/catalog/product/cache/ad090bb053b58bc42f88d3483efa05b3/5/3/5367740101753713033.jpg",
      "store": "tnt_supermarket"
    },
    {
      "name": "Suntory Freezable Latte (440mL)",
      "price": "$2.50",
      "unit": "N/A",
      "original_price": "$2.99",
      "image_url": "https://www.tntsupermarket.com/media/catalog/product/cache/ad090bb053b58bc42f88d3483efa05b3/5/3/5367970101753713034.jpg",
      "store": "tnt_supermarket"
    },
    {
      "name": "Queen Art Inoble Coating Wok 28cm",
      "price": "$20.87",
      "unit": "N/A",
      "original_price": "$33.99",
      "image_url": "https://www.tntsupermarket.com/media/catalog/product/cache/ad090bb053b58bc42f88d3483efa05b3/7/6/7622010101591871491_1.jpg",
      "store": "tnt_supermarket"
    },
    {
      "name": "Queen Art Inoble Coating Wok 30cm",
      "price": "$23.87",
      "unit": "N/A",
      "original_price": "$36.99",
      "image_url": "https://www.tntsupermarket.com/media/catalog/product/cache/ad090bb053b58bc42f88d3483efa05b3/7/6/7622040101591871504_1.jpg",
      "store": "tnt_supermarket"
    },
    {
      "name": "Queen Art Inoble Coating Wok 32cm",
      "price": "$26.87",
      "unit": "N/A",
      "original_price": "$39.99",
      "image_url": "https://www.tntsupermarket.com/media/catalog/product/cache/ad090bb053b58bc42f88d3483efa05b3/7/6/76220401.jpg",
      "store": "tnt_supermarket"
    },
    {
      "name": "T&T Bamboo Cutting Board - Small (33x23cm)",
      "price": "$6.88",
      "unit": "N/A",
      "original_price": "$8.49",
      "image_url": "https://www.tntsupermarket.com/media/catalog/product/cache/ad090bb053b58bc42f88d3483efa05b3/7/6/76523801-1_1.jpg",
      "store": "tnt_supermarket"
    },
    {
      "name": "T&T Bamboo Cutting Board - Medium (40x29cm)",
      "price": "$10.88",
      "unit": "N/A",
      "original_price": "$12.99",
      "image_url": "https://www.tntsupermarket.com/media/catalog/product/cache/ad090bb053b58bc42f88d3483efa05b3/7/6/76524301-2.jpg",
      "store": "tnt_supermarket"
    },
    {
      "name": "T&T Bamboo Cutting Board- Large 50x36cm",
      "price": "$13.88",
      "unit": "N/A",
      "original_price": "$16.99",
      "image_url": "https://www.tntsupermarket.com/media/catalog/product/cache/ad090bb053b58bc42f88d3483efa05b3/7/6/76527001-1.jpg",
      "store": "tnt_supermarket"
    },
    {
      "name": "T&T Rose Wood Cuttingboard-Medium 40x30x1.7cm",
      "price": "$13.88",
      "unit": "N/A",
      "original_price": "$17.99",
      "image_url": "https://www.tntsupermarket.com/media/catalog/product/cache/ad090bb053b58bc42f88d3483efa05b3/5/0/5013510101671138043_1.jpg",
      "store": "tnt_supermarket"
    },
    {
      "name": "T&T Rose Wood Cutting Board-Large 45x30x1.7cm",
      "price": "$16.88",
      "unit": "N/A",
      "original_price": "$19.99",
      "image_url": "https://www.tntsupermarket.com/media/catalog/product/cache/ad090bb053b58bc42f88d3483efa05b3/5/0/5013520101671138045_1.jpg",
      "store": "tnt_supermarket"
    },
    {
      "name": "T&T Ebony Cutting Board (33x33x3cm)",
      "price": "$21.88",
      "unit": "N/A",
      "original_price": "$25.99",
      "image_url": "https://www.tntsupermarket.com/media/catalog/product/cache/ad090bb053b58bc42f88d3483efa05b3/5/0/501353_t_t_ebont_cutting_board__.jpg",
      "store": "tnt_supermarket"
    },
    {
      "name": "KAO LEMON MAGICLEAN BATHROOM C",
      "price": "$5.00",
      "unit": "N/A",
      "original_price": "$6.99",
      "image_url": "https://www.tntsupermarket.com/media/catalog/product/cache/ad090bb053b58bc42f88d3483efa05b3/7/4/747229_1.jpg",
      "store": "tnt_supermarket"
    },
    {
      "name": "Kao Kitchen Foam Handy Spray (400ml)",
      "price": "$5.00",
      "unit": "N/A",
      "original_price": "$6.99",
      "image_url": "https://www.tntsupermarket.com/media/catalog/product/cache/ad090bb053b58bc42f88d3483efa05b3/5/1/5190960101693594546_1.jpg",
      "store": "tnt_supermarket"
    },
    {
      "name": "Kao Magic Glass Cleanser Spray (400ml)",
      "price": "$5.00",
      "unit": "N/A",
      "original_price": "$6.99",
      "image_url": "https://www.tntsupermarket.com/media/catalog/product/cache/ad090bb053b58bc42f88d3483efa05b3/5/1/5190970101693594549_1.jpg",
      "store": "tnt_supermarket"
    },
    {
      "name": "Kao Handy Spray  Bath Clean Rose (380ml)",
      "price": "$5.00",
      "unit": "N/A",
      "original_price": "$6.99",
      "image_url": "https://www.tntsupermarket.com/media/catalog/product/cache/ad090bb053b58bc42f88d3483efa05b3/5/0/506634_1.jpg",
      "store": "tnt_supermarket"
    },
    {
      "name": "Kao Bathrm Mold Remover Spray (400ml)",
      "price": "$5.00",
      "unit": "N/A",
      "original_price": "$6.99",
      "image_url": "https://www.tntsupermarket.com/media/catalog/product/cache/ad090bb053b58bc42f88d3483efa05b3/5/1/514623_1.jpg",
      "store": "tnt_supermarket"
    },
    {
      "name": "Kao Multi Surface Cleansing Deterg (400ml)",
      "price": "$5.00",
      "unit": "N/A",
      "original_price": "$6.99",
      "image_url": "https://www.tntsupermarket.com/media/catalog/product/cache/ad090bb053b58bc42f88d3483efa05b3/5/1/5156370101689866483_1.jpg",
      "store": "tnt_supermarket"
    },
    {
      "name": "T&T Kitchen Kumiawase Sushi Set (22pcs)",
      "price": "$15.00",
      "unit": "N/A",
      "original_price": "$15.99",
      "image_url": "https://www.tntsupermarket.com/media/catalog/product/cache/ad090bb053b58bc42f88d3483efa05b3/2/2/22100___600g.jpg",
      "store": "tnt_supermarket"
    },
    {
      "name": "T&T Kitchen Rwa BBQ Pork",
      "price": "$9.00",
      "unit": "/lb",
      "original_price": "$9.98",
      "image_url": "https://www.tntsupermarket.com/media/catalog/product/cache/ad090bb053b58bc42f88d3483efa05b3/0/2/02215901.jpg",
      "store": "tnt_supermarket"
    },
    {
      "name": "Seaweed Salad (340g)",
      "price": "$5.00",
      "unit": "N/A",
      "original_price": "$5.99",
      "image_url": "https://www.tntsupermarket.com/media/catalog/product/cache/ad090bb053b58bc42f88d3483efa05b3/b/i/bigstock-wakame-chuka-or-seaweed-salad-2683446_1.jpg",
      "store": "tnt_supermarket"
    },
    {
      "name": "T&T Kitchen Spicy Duck Wings",
      "price": "$7.00",
      "unit": "N/A",
      "original_price": "$7.99",
      "image_url": "https://www.tntsupermarket.com/media/catalog/product/cache/ad090bb053b58bc42f88d3483efa05b3/5/1/519461_1.jpg",
      "store": "tnt_supermarket"
    },
    {
      "name": "T&T Bakery Portuguese Egg Tarts 6pcs (Cold)",
      "price": "$8.00",
      "unit": "N/A",
      "original_price": "$9.59",
      "image_url": "https://www.tntsupermarket.com/media/catalog/product/cache/ad090bb053b58bc42f88d3483efa05b3/p/o/port_tart_4.jpg",
      "store": "tnt_supermarket"
    },
    {
      "name": "Mango Crepe cake (560g)",
      "price": "$19.50",
      "unit": "N/A",
      "original_price": "$23.99",
      "image_url": "https://www.tntsupermarket.com/media/catalog/product/cache/ad090bb053b58bc42f88d3483efa05b3/5/2/5202440101712867406_1.jpg",
      "store": "tnt_supermarket"
    },
    {
      "name": "T&T Bakery Peach Sliced Swiss Roll (280g)",
      "price": "$6.00",
      "unit": "N/A",
      "original_price": "$6.99",
      "image_url": "https://www.tntsupermarket.com/media/catalog/product/cache/ad090bb053b58bc42f88d3483efa05b3/5/2/521198_1.jpg",
      "store": "tnt_supermarket"
    },
    {
      "name": "T&T Bakery Pandan Mango Coconut Bread (300g)",
      "price": "$4.00",
      "unit": "N/A",
      "original_price": "$4.59",
      "image_url": "https://www.tntsupermarket.com/media/catalog/product/cache/ad090bb053b58bc42f88d3483efa05b3/5/3/5354710101744813286.jpg",
      "store": "tnt_supermarket"
    },
    {
      "name": "T&T Bakery Quinoa Wheat Bread (400g)",
      "price": "$3.00",
      "unit": "N/A",
      "original_price": "$3.49",
      "image_url": "https://www.tntsupermarket.com/media/catalog/product/cache/ad090bb053b58bc42f88d3483efa05b3/7/7/777480.jpg",
      "store": "tnt_supermarket"
    },
    {
      "name": "T&T Bakery Mixed Fruit Coconut Jelly (200g)",
      "price": "$4.47",
      "unit": "N/A",
      "original_price": "$4.99",
      "image_url": "https://www.tntsupermarket.com/media/catalog/product/cache/ad090bb053b58bc42f88d3483efa05b3/5/3/5323280101743528713.jpg",
      "store": "tnt_supermarket"
    },
    {
      "name": "T&T Bakery Mini Coconut Tart 8pcs",
      "price": "$5.00",
      "unit": "N/A",
      "original_price": "$5.49",
      "image_url": "https://www.tntsupermarket.com/media/catalog/product/cache/ad090bb053b58bc42f88d3483efa05b3/0/2/0225300101609146699_1.jpg",
      "store": "tnt_supermarket"
    },
    {
      "name": "T&T Bakery Swiss Roll-Tree Skin Chocolate (420g)",
      "price": "$6.37",
      "unit": "N/A",
      "original_price": "$6.89",
      "image_url": "https://www.tntsupermarket.com/media/catalog/product/cache/ad090bb053b58bc42f88d3483efa05b3/0/2/022522-2_1.jpg",
      "store": "tnt_supermarket"
    },
    {
      "name": "T&T Bakery Cranberry Scone (500g)",
      "price": "$4.37",
      "unit": "N/A",
      "original_price": "$4.99",
      "image_url": "https://www.tntsupermarket.com/media/catalog/product/cache/ad090bb053b58bc42f88d3483efa05b3/6/7/677620.jpg",
      "store": "tnt_supermarket"
    },
    {
      "name": "T&T Bakery Croissant With Crispy Crust (30gx8)",
      "price": "$7.00",
      "unit": "N/A",
      "original_price": "$7.99",
      "image_url": "https://www.tntsupermarket.com/media/catalog/product/cache/ad090bb053b58bc42f88d3483efa05b3/5/2/522468_1.jpg",
      "store": "tnt_supermarket"
    },
    {
      "name": "T&T Bakery Taro Pastries (4pcs)",
      "price": "$7.00",
      "unit": "N/A",
      "original_price": "$8.49",
      "image_url": "https://www.tntsupermarket.com/media/catalog/product/cache/ad090bb053b58bc42f88d3483efa05b3/5/2/524422_1.jpg",
      "store": "tnt_supermarket"
    },
    {
      "name": "T&T Bakery Salted Butter Chocolate Bun (75gx3)",
      "price": "$5.00",
      "unit": "N/A",
      "original_price": "$5.99",
      "image_url": "https://www.tntsupermarket.com/media/catalog/product/cache/ad090bb053b58bc42f88d3483efa05b3/5/3/531973_5_1.jpg",
      "store": "tnt_supermarket"
    },
    {
      "name": "T&T Bakery Orange Cream Cheese Bread (250g)",
      "price": "$4.47",
      "unit": "N/A",
      "original_price": "$5.29",
      "image_url": "https://www.tntsupermarket.com/media/catalog/product/cache/ad090bb053b58bc42f88d3483efa05b3/7/8/782640-1.png",
      "store": "tnt_supermarket"
    },
    {
      "name": "T&T Bakery Coconut Roll (370g)",
      "price": "$5.37",
      "unit": "N/A",
      "original_price": "$5.99",
      "image_url": "https://www.tntsupermarket.com/media/catalog/product/cache/ad090bb053b58bc42f88d3483efa05b3/7/2/723280-1.png",
      "store": "tnt_supermarket"
    },
    {
      "name": "Wonder White Bread (675g)",
      "price": "$3.17",
      "unit": "N/A",
      "original_price": "$3.89",
      "image_url": "https://www.tntsupermarket.com/media/catalog/product/cache/ad090bb053b58bc42f88d3483efa05b3/6/3/638518_1_.jpg",
      "store": "tnt_supermarket"
    },
    {
      "name": "Wonder Plus Enriched White (675g)",
      "price": "$3.17",
      "unit": "N/A",
      "original_price": "$3.89",
      "image_url": "https://www.tntsupermarket.com/media/catalog/product/cache/ad090bb053b58bc42f88d3483efa05b3/6/7/6735780101746817873.jpg",
      "store": "tnt_supermarket"
    },
    {
      "name": "Wonder 100% Whole Wheat Bread (675g)",
      "price": "$3.17",
      "unit": "N/A",
      "original_price": "$3.89",
      "image_url": "https://www.tntsupermarket.com/media/catalog/product/cache/ad090bb053b58bc42f88d3483efa05b3/7/4/748631-1.jpg",
      "store": "tnt_supermarket"
    },
    {
      "name": "Wonder 100% Whole Wheat Fiber (675g)",
      "price": "$3.17",
      "unit": "N/A",
      "original_price": "$3.89",
      "image_url": "https://www.tntsupermarket.com/media/catalog/product/cache/ad090bb053b58bc42f88d3483efa05b3/7/4/7486370101746817874.jpg",
      "store": "tnt_supermarket"
    },
    {
      "name": "Wonder White Texas (675g)",
      "price": "$3.17",
      "unit": "N/A",
      "original_price": "$3.89",
      "image_url": "https://www.tntsupermarket.com/media/catalog/product/cache/ad090bb053b58bc42f88d3483efa05b3/7/4/748638_1.jpg",
      "store": "tnt_supermarket"
    },
    {
      "name": "Wonder Sandwich White Thin Bread (675g)",
      "price": "$3.17",
      "unit": "N/A",
      "original_price": "$3.89",
      "image_url": "https://www.tntsupermarket.com/media/catalog/product/cache/ad090bb053b58bc42f88d3483efa05b3/6/3/6385320101746817870.jpg",
      "store": "tnt_supermarket"
    },
    {
      "name": "Wonder Whole Wheat Thin Sandwich Bread (675g)",
      "price": "$3.17",
      "unit": "N/A",
      "original_price": "$3.89",
      "image_url": "https://www.tntsupermarket.com/media/catalog/product/cache/ad090bb053b58bc42f88d3483efa05b3/7/8/788430_1.jpg",
      "store": "tnt_supermarket"
    },
    {
      "name": "Wonder Wiener Buns",
      "price": "$3.17",
      "unit": "N/A",
      "original_price": "$3.79",
      "image_url": "https://www.tntsupermarket.com/media/catalog/product/cache/ad090bb053b58bc42f88d3483efa05b3/6/4/6490210101691693586_1.jpg",
      "store": "tnt_supermarket"
    },
    {
      "name": "Wonder Hamburger Bun 8pcs (408g)",
      "price": "$3.17",
      "unit": "N/A",
      "original_price": "$3.79",
      "image_url": "https://www.tntsupermarket.com/media/catalog/product/cache/ad090bb053b58bc42f88d3483efa05b3/6/4/6490220101746817872.jpg",
      "store": "tnt_supermarket"
    },
    {
      "name": "English Muffins (346g)",
      "price": "$2.47",
      "unit": "N/A",
      "original_price": "$3.19",
      "image_url": "https://www.tntsupermarket.com/media/catalog/product/cache/ad090bb053b58bc42f88d3483efa05b3/6/8/6864050101691693615_1.jpg",
      "store": "tnt_supermarket"
    },
    {
      "name": "Wonder 7 in White Wraps (340g)",
      "price": "$3.17",
      "unit": "N/A",
      "original_price": "$3.89",
      "image_url": "https://www.tntsupermarket.com/media/catalog/product/cache/ad090bb053b58bc42f88d3483efa05b3/7/9/7931970101688672153_1.jpg",
      "store": "tnt_supermarket"
    },
    {
      "name": "Wonder 10 in White Wraps (640g)",
      "price": "$4.00",
      "unit": "N/A",
      "original_price": "$4.99",
      "image_url": "https://www.tntsupermarket.com/media/catalog/product/cache/ad090bb053b58bc42f88d3483efa05b3/7/9/7931950101688672151_1.jpg",
      "store": "tnt_supermarket"
    },
    {
      "name": "Meysypal Abalone, Sea Snail Slices and Dried Conch Scallop Porridge (1.4kg)",
      "price": "$24.99",
      "unit": "N/A",
      "original_price": "$28.99",
      "image_url": "https://www.tntsupermarket.com/media/catalog/product/cache/ad090bb053b58bc42f88d3483efa05b3/5/3/5339850101750798810.jpg",
      "store": "tnt_supermarket"
    },
    {
      "name": "Meysypal Abalone, Dried Scallop and Shrimp Porridge (1.4kg)",
      "price": "$26.99",
      "unit": "N/A",
      "original_price": "$28.99",
      "image_url": "https://www.tntsupermarket.com/media/catalog/product/cache/ad090bb053b58bc42f88d3483efa05b3/5/3/5346910101750798813.jpg",
      "store": "tnt_supermarket"
    },
    {
      "name": "T&T Glutinous Rice (5kg / 11lb)",
      "price": "$12.99",
      "unit": "N/A",
      "original_price": "$15.49",
      "image_url": "https://www.tntsupermarket.com/media/catalog/product/cache/ad090bb053b58bc42f88d3483efa05b3/7/2/7287430101591867976_1.jpg",
      "store": "tnt_supermarket"
    },
    {
      "name": "T&T Organic Thai Jasmine Rice (5kg)",
      "price": "$25.99",
      "unit": "N/A",
      "original_price": "$28.99",
      "image_url": "https://www.tntsupermarket.com/media/catalog/product/cache/ad090bb053b58bc42f88d3483efa05b3/7/8/785485_tt_tt_organic_jasmine_rice.jpg",
      "store": "tnt_supermarket"
    },
    {
      "name": "T&T Thai Jasmine Rice (4.5kg / 10lb)",
      "price": "$11.99",
      "unit": "N/A",
      "original_price": "$14.49",
      "image_url": "https://www.tntsupermarket.com/media/catalog/product/cache/ad090bb053b58bc42f88d3483efa05b3/7/5/7555130101591869456_1.jpg",
      "store": "tnt_supermarket"
    },
    {
      "name": "T&T Shan Dong Fine Dry Noodles (1.8kg)",
      "price": "$6.99",
      "unit": "N/A",
      "original_price": "$8.89",
      "image_url": "https://www.tntsupermarket.com/media/catalog/product/cache/ad090bb053b58bc42f88d3483efa05b3/7/4/74646301-1.jpg",
      "store": "tnt_supermarket"
    },
    {
      "name": "T&T Shan Dong Medium Dry Noodles (1.8kg)",
      "price": "$6.99",
      "unit": "N/A",
      "original_price": "$8.89",
      "image_url": "https://www.tntsupermarket.com/media/catalog/product/cache/ad090bb053b58bc42f88d3483efa05b3/a/0/a0e967eb-8a93-4e3b-b00b-0b25136680f9.jpg",
      "store": "tnt_supermarket"
    },
    {
      "name": "T&T Rice Stick- Medium (454g)",
      "price": "$2.00",
      "unit": "N/A",
      "original_price": "$2.89",
      "image_url": "https://www.tntsupermarket.com/media/catalog/product/cache/ad090bb053b58bc42f88d3483efa05b3/7/9/7909300101591877232_1.jpg",
      "store": "tnt_supermarket"
    },
    {
      "name": "T&T Rice Stick- Thick (454g)",
      "price": "$2.00",
      "unit": "N/A",
      "original_price": "$2.89",
      "image_url": "https://www.tntsupermarket.com/media/catalog/product/cache/ad090bb053b58bc42f88d3483efa05b3/7/5/7503910101591868539_1.jpg",
      "store": "tnt_supermarket"
    },
    {
      "name": "T&T Rice Stick- Thin (454g)",
      "price": "$2.00",
      "unit": "N/A",
      "original_price": "$2.89",
      "image_url": "https://www.tntsupermarket.com/media/catalog/product/cache/ad090bb053b58bc42f88d3483efa05b3/7/9/7909290101591877217_1.jpg",
      "store": "tnt_supermarket"
    },
    {
      "name": "T&T Organic Adzuki Bean (908g)",
      "price": "$6.97",
      "unit": "N/A",
      "original_price": "$7.99",
      "image_url": "https://www.tntsupermarket.com/media/catalog/product/cache/ad090bb053b58bc42f88d3483efa05b3/5/0/50461201-1_1.jpg",
      "store": "tnt_supermarket"
    },
    {
      "name": "T&T Fuxin White Skin Peanut Kernels (908g)",
      "price": "$6.97",
      "unit": "N/A",
      "original_price": "$7.99",
      "image_url": "https://www.tntsupermarket.com/media/catalog/product/cache/ad090bb053b58bc42f88d3483efa05b3/5/1/5172490101751663435.jpg",
      "store": "tnt_supermarket"
    },
    {
      "name": "T&T Fuyu Red Skin Peanut Kernels (908g)",
      "price": "$6.97",
      "unit": "N/A",
      "original_price": "$7.99",
      "image_url": "https://www.tntsupermarket.com/media/catalog/product/cache/ad090bb053b58bc42f88d3483efa05b3/5/1/5172500101751663437.jpg",
      "store": "tnt_supermarket"
    },
    {
      "name": "T&T Extra Hot Xo Sauce (140g)",
      "price": "$13.97",
      "unit": "N/A",
      "original_price": "$15.99",
      "image_url": "https://www.tntsupermarket.com/media/catalog/product/cache/ad090bb053b58bc42f88d3483efa05b3/7/9/7919900101728421933_1.jpg",
      "store": "tnt_supermarket"
    },
    {
      "name": "T&T Medium Hot XO Sauce (140g)",
      "price": "$13.97",
      "unit": "N/A",
      "original_price": "$15.99",
      "image_url": "https://www.tntsupermarket.com/media/catalog/product/cache/ad090bb053b58bc42f88d3483efa05b3/2/6/26574101-2.jpg",
      "store": "tnt_supermarket"
    },
    {
      "name": "T&T XO Sauce (140g)",
      "price": "$13.97",
      "unit": "N/A",
      "original_price": "$15.99",
      "image_url": "https://www.tntsupermarket.com/media/catalog/product/cache/ad090bb053b58bc42f88d3483efa05b3/7/6/76520701-2.jpg",
      "store": "tnt_supermarket"
    },
    {
      "name": "T&T Whole Straw Mushrooms (398ml)",
      "price": "$2.49",
      "unit": "N/A",
      "original_price": "$3.19",
      "image_url": "https://www.tntsupermarket.com/media/catalog/product/cache/ad090bb053b58bc42f88d3483efa05b3/7/2/7275900101666813233_1.jpg",
      "store": "tnt_supermarket"
    },
    {
      "name": "T&T Sliced Straw Mushrooms (398ml)",
      "price": "$2.49",
      "unit": "N/A",
      "original_price": "$3.19",
      "image_url": "https://www.tntsupermarket.com/media/catalog/product/cache/ad090bb053b58bc42f88d3483efa05b3/7/2/7275890101666813232_1.jpg",
      "store": "tnt_supermarket"
    }
  ],
  "foodbasics": [
    {
      "store": "Food Basics",
      "name": "English Cucumber",
      "price": "$1.88",
      "amount": "1 each",
      "unit": "/ea.",
      "original_price": "$1.98",
      "image_url": "https://product-images.metro.ca/images/ha1/hf5/10916746493982.jpg"
    },
    {
      "store": "Food Basics",
      "name": "Strawberries",
      "price": "$3.98",
      "amount": "454 g",
      "unit": "/ea.",
      "original_price": "$5.98",
      "image_url": "https://product-images.metro.ca/images/he6/hc6/10723487842334.jpg"
    },
    {
      "store": "Food Basics",
      "name": "Seedless Green Grapes",
      "price": "$8.77",
      "amount": "A bag contains on average 1000 g",
      "unit": "N/A",
      "original_price": "N/A",
      "image_url": "https://product-images.metro.ca/images/hb3/h70/8874218094622.jpg"
    },
    {
      "store": "Food Basics",
      "name": "Sun-Dried Tomato Pesto, Di Sardegna",
      "price": "$3.49",
      "amount": "218 mL",
      "unit": "/ea.",
      "original_price": "$4.49",
      "image_url": "https://product-images.metro.ca/images/h7d/h80/14547420479518.jpg"
    },
    {
      "store": "Food Basics",
      "name": "Hazelnut Spread with Cocoa",
      "price": "$4.98",
      "amount": "725 g",
      "unit": "/ea.",
      "original_price": "$7.29",
      "image_url": "https://product-images.metro.ca/images/h5c/hd4/10498157740062.jpg"
    },
    {
      "store": "Food Basics",
      "name": "4% Balkan Style Fruit Yogurt Variety Pack, Original",
      "price": "$5.49",
      "amount": "12x100 g",
      "unit": "/ea.",
      "original_price": "$6.49",
      "image_url": "https://product-images.metro.ca/images/hc9/h6f/14350017953822.jpg"
    },
    {
      "store": "Food Basics",
      "name": "Unscented Baby Wipes Refill Packs, Sensitive",
      "price": "$7.49",
      "amount": "3x64 each",
      "unit": "/ea.",
      "original_price": "$9.49",
      "image_url": "https://product-images.metro.ca/images/hd0/hf8/13935297724446.jpg"
    },
    {
      "store": "Food Basics",
      "name": "3.25% Balkan-Style Cappuccino Yogurt",
      "price": "$2.98",
      "amount": "650 g",
      "unit": "/ea.",
      "original_price": "$3.49",
      "image_url": "https://product-images.metro.ca/images/h8e/h34/14484869283870.jpg"
    },
    {
      "store": "Food Basics",
      "name": "Bag of Avocados",
      "price": "$4.98",
      "amount": "5 pieces",
      "unit": "/ea.",
      "original_price": "$5.88",
      "image_url": "https://product-images.metro.ca/images/h0a/ha5/8858856030238.jpg"
    },
    {
      "store": "Food Basics",
      "name": "Creamy Peanut Butter, Organic",
      "price": "$4.44",
      "amount": "500 g",
      "unit": "N/A",
      "original_price": "N/A",
      "image_url": "https://product-images.metro.ca/images/h32/h21/9873204576286.jpg"
    },
    {
      "store": "Food Basics",
      "name": "Peach Beverage",
      "price": "$1.99",
      "amount": "2 L",
      "unit": "/ea.",
      "original_price": "$2.69",
      "image_url": "https://product-images.metro.ca/images/h68/h08/14914018934814.jpg"
    },
    {
      "store": "Food Basics",
      "name": "Mozzarella Cheese Slices",
      "price": "$3.88",
      "amount": "410 g",
      "unit": "/ea.",
      "original_price": "$4.19",
      "image_url": "https://product-images.metro.ca/images/hc4/h80/15047188971550.jpg"
    },
    {
      "store": "Food Basics",
      "name": "Rotini Pasta",
      "price": "$1.97",
      "amount": "900 g",
      "unit": "N/A",
      "original_price": "N/A",
      "image_url": "https://product-images.metro.ca/images/h7b/h37/14269459333150.jpg"
    },
    {
      "store": "Food Basics",
      "name": "Honey Roasted Peanuts",
      "price": "$4.97",
      "amount": "700 g",
      "unit": "N/A",
      "original_price": "N/A",
      "image_url": "https://product-images.metro.ca/images/h5c/h14/13945206767646.jpg"
    },
    {
      "store": "Food Basics",
      "name": "Tomato Ketchup",
      "price": "$4.99",
      "amount": "1 L",
      "unit": "/ea.",
      "original_price": "$5.79",
      "image_url": "https://product-images.metro.ca/images/hec/h14/10455878467614.jpg"
    },
    {
      "store": "Food Basics",
      "name": "Strawberry Peach Fruit Beverage, Refreshers",
      "price": "$4.49",
      "amount": "1.36 L",
      "unit": "/ea.",
      "original_price": "$4.99",
      "image_url": "https://product-images.metro.ca/images/h92/hf7/15043327721502.jpg"
    },
    {
      "store": "Food Basics",
      "name": "Unscented Overnight Pads with Wings Extra Heavy Flow...",
      "price": "$10.99",
      "amount": "20 each",
      "unit": "/ea.",
      "original_price": "$12.99",
      "image_url": "https://product-images.metro.ca/images/h82/h7a/13935342780446.jpg"
    },
    {
      "store": "Food Basics",
      "name": "Original Bite Size Crackers, Breton",
      "price": "$2.79",
      "amount": "200 g",
      "unit": "/ea.",
      "original_price": "$3.49",
      "image_url": "https://product-images.metro.ca/images/hc0/h60/14336773619742.jpg"
    },
    {
      "store": "Food Basics",
      "name": "Cookies, Biscoff",
      "price": "$3.79",
      "amount": "250 g",
      "unit": "/ea.",
      "original_price": "$4.49",
      "image_url": "https://product-images.metro.ca/images/h3a/h1f/13935568158750.jpg"
    },
    {
      "store": "Food Basics",
      "name": "Plant Based Chicken Nuggets",
      "price": "$7.99",
      "amount": "383 g",
      "unit": "/ea.",
      "original_price": "$8.99",
      "image_url": "https://product-images.metro.ca/images/h24/hff/15086947139614.jpg"
    },
    {
      "store": "Food Basics",
      "name": "Ketchup Style Sauce Without Added Sugar",
      "price": "$4.99",
      "amount": "750 mL",
      "unit": "/ea.",
      "original_price": "$5.79",
      "image_url": "https://product-images.metro.ca/images/h2f/h60/9986917138462.jpg"
    },
    {
      "store": "Food Basics",
      "name": "Sausage Buns",
      "price": "$2.98",
      "amount": "6 each",
      "unit": "/ea.",
      "original_price": "$3.99",
      "image_url": "https://product-images.metro.ca/images/he2/h3f/14441072361502.jpg"
    },
    {
      "store": "Food Basics",
      "name": "Frozen Whole Kernel Corn",
      "price": "$3.79",
      "amount": "750 g",
      "unit": "/ea.",
      "original_price": "$3.99",
      "image_url": "https://product-images.metro.ca/images/hdb/hda/9138087755806.jpg"
    },
    {
      "store": "Food Basics",
      "name": "Zesty Ranch Cracker Chips, Veggie Crisps",
      "price": "$2.79",
      "amount": "100 g",
      "unit": "/ea.",
      "original_price": "$3.49",
      "image_url": "https://product-images.metro.ca/images/hbb/hdf/11860677787678.jpg"
    },
    {
      "store": "Food Basics",
      "name": "Plain Brown Rice Cakes, Crispy Minis",
      "price": "$2.49",
      "amount": "127 g",
      "unit": "/ea.",
      "original_price": "$3.49",
      "image_url": "https://product-images.metro.ca/images/hdf/ha9/12279416619038.jpg"
    },
    {
      "store": "Food Basics",
      "name": "Capellini Pasta",
      "price": "$1.97",
      "amount": "900 g",
      "unit": "N/A",
      "original_price": "N/A",
      "image_url": "https://product-images.metro.ca/images/hb1/h92/14580588937246.jpg"
    },
    {
      "store": "Food Basics",
      "name": "Large Training Pants for Girls, Bébé",
      "price": "$12.99",
      "amount": "40 each",
      "unit": "N/A",
      "original_price": "N/A",
      "image_url": "https://product-images.metro.ca/images/h2a/hd2/11630026063902.jpg"
    },
    {
      "store": "Food Basics",
      "name": "Sensitive Skin Bar Soap",
      "price": "$6.99",
      "amount": "3x106 g",
      "unit": "/ea.",
      "original_price": "$7.99",
      "image_url": "https://product-images.metro.ca/images/h87/h5c/13945803046942.jpg"
    },
    {
      "store": "Food Basics",
      "name": "Laundry Detergent Pods, Power Pods",
      "price": "$19.98",
      "amount": "45 each",
      "unit": "/ea.",
      "original_price": "$25.99",
      "image_url": "https://product-images.metro.ca/images/h3e/h07/14415019081758.jpg"
    },
    {
      "store": "Food Basics",
      "name": "Vanilla Flavoured Ice Cream",
      "price": "$5.88",
      "amount": "1.5 L",
      "unit": "/ea.",
      "original_price": "$7.99",
      "image_url": "https://product-images.metro.ca/images/h3b/h25/13511851573278.jpg"
    },
    {
      "store": "Food Basics",
      "name": "Original Cheese",
      "price": "$5.99",
      "amount": "190 g",
      "unit": "/ea.",
      "original_price": "$7.99",
      "image_url": "https://product-images.metro.ca/images/h0a/h3b/12050657935390.jpg"
    },
    {
      "store": "Food Basics",
      "name": "Fortifying 2-in-1 Shampoo and Conditioner, Men+Care",
      "price": "$6.49",
      "amount": "355 mL",
      "unit": "/ea.",
      "original_price": "$7.49",
      "image_url": "https://product-images.metro.ca/images/hc0/h78/15110836060190.jpg"
    },
    {
      "store": "Food Basics",
      "name": "Dubliner Hard Cheese",
      "price": "$5.99",
      "amount": "198 g",
      "unit": "/ea.",
      "original_price": "$7.49",
      "image_url": "https://product-images.metro.ca/images/h46/hf5/10344155250718.jpg"
    },
    {
      "store": "Food Basics",
      "name": "Lemon-Lime Flavoured Sport Drink Beverage",
      "price": "$5.99",
      "amount": "6x591 mL",
      "unit": "/ea.",
      "original_price": "$6.99",
      "image_url": "https://product-images.metro.ca/images/h6a/h2d/12907168595998.jpg"
    },
    {
      "store": "Food Basics",
      "name": "Onion Soup Mix",
      "price": "$1.99",
      "amount": "1 each",
      "unit": "/ea.",
      "original_price": "$2.49",
      "image_url": "https://product-images.metro.ca/images/h56/h3c/11461756354590.jpg"
    },
    {
      "store": "Food Basics",
      "name": "2.9% Probiotic Yogurt Variety Pack",
      "price": "$5.98",
      "amount": "12x100 g",
      "unit": "/ea.",
      "original_price": "$6.99",
      "image_url": "https://product-images.metro.ca/images/h9d/hec/14983793442846.jpg"
    },
    {
      "store": "Food Basics",
      "name": "Original Scent Liquid Dish Soap",
      "price": "$1.97",
      "amount": "828 mL",
      "unit": "N/A",
      "original_price": "N/A",
      "image_url": "https://product-images.metro.ca/images/h6c/h7f/11521853915166.jpg"
    },
    {
      "store": "Food Basics",
      "name": "Powdered Vegetable Stock",
      "price": "$3.99",
      "amount": "150 g",
      "unit": "/ea.",
      "original_price": "$4.79",
      "image_url": "https://product-images.metro.ca/images/hcb/h21/11570905972766.jpg"
    },
    {
      "store": "Food Basics",
      "name": "Lemon-Lime and Tea Flavoured Soft Drink",
      "price": "$7.48",
      "amount": "12x355 mL - Quebec Dep. $1,20/pack",
      "unit": "/ea.",
      "original_price": "$8.49",
      "image_url": "https://product-images.metro.ca/images/h83/h95/15043538911262.jpg"
    },
    {
      "store": "Food Basics",
      "name": "2.9% Strawberry and Vanilla Flavoured Probiotic Yogurt",
      "price": "$3.88",
      "amount": "8x100 g",
      "unit": "/ea.",
      "original_price": "$4.99",
      "image_url": "https://product-images.metro.ca/images/h28/h7f/14547422085150.jpg"
    },
    {
      "store": "Food Basics",
      "name": "2.9% Vanilla Flavoured Probiotic Yogurt",
      "price": "$3.88",
      "amount": "8x100 g",
      "unit": "/ea.",
      "original_price": "$4.99",
      "image_url": "https://product-images.metro.ca/images/hcc/h2a/14269455761438.jpg"
    },
    {
      "store": "Food Basics",
      "name": "Apple-Cinnamon Cereal Value Pack, Cheerios",
      "price": "$4.98",
      "amount": "778 g",
      "unit": "/ea.",
      "original_price": "$6.99",
      "image_url": "https://product-images.metro.ca/images/h77/hb0/14307675045918.jpg"
    },
    {
      "store": "Food Basics",
      "name": "Frozen Canadian Pizza with Bacon, Pepperoni and Mush...",
      "price": "$9.97",
      "amount": "1.13 kg",
      "unit": "N/A",
      "original_price": "N/A",
      "image_url": "https://product-images.metro.ca/images/hff/h13/13384450048030.jpg"
    },
    {
      "store": "Food Basics",
      "name": "Cherry, Orange and Lime Flavoured Icy Pops, Fruity F...",
      "price": "$5.00",
      "amount": "24x60 mL",
      "unit": "N/A",
      "original_price": "N/A",
      "image_url": "https://product-images.metro.ca/images/h40/hc2/11521038286878.jpg"
    },
    {
      "store": "Food Basics",
      "name": "Old Fashioned In Tomato Sauce Beans",
      "price": "$1.27",
      "amount": "398 mL",
      "unit": "N/A",
      "original_price": "N/A",
      "image_url": "https://product-images.metro.ca/images/h35/h20/14470638272542.jpg"
    },
    {
      "store": "Food Basics",
      "name": "1% Plain Lactose Free Probiotic Yogurt, BioBest",
      "price": "$2.98",
      "amount": "750 g",
      "unit": "/ea.",
      "original_price": "$3.49",
      "image_url": "https://product-images.metro.ca/images/h9a/he1/13441808334878.jpg"
    },
    {
      "store": "Food Basics",
      "name": "Smooth Peanut Butter, Naturalia",
      "price": "$4.44",
      "amount": "750 g",
      "unit": "N/A",
      "original_price": "N/A",
      "image_url": "https://product-images.metro.ca/images/h9d/h74/11521590329374.jpg"
    },
    {
      "store": "Food Basics",
      "name": "Smoked Bacon",
      "price": "$5.99",
      "amount": "375 g",
      "unit": "/ea.",
      "original_price": "$7.99",
      "image_url": "https://product-images.metro.ca/images/hfe/h58/14247404994590.jpg"
    },
    {
      "store": "Food Basics",
      "name": "Peanut Butter Ice Cream",
      "price": "$4.88",
      "amount": "1.5 L",
      "unit": "N/A",
      "original_price": "N/A",
      "image_url": "https://product-images.metro.ca/images/h92/h7e/14056350711838.jpg"
    },
    {
      "store": "Food Basics",
      "name": "Chicken & Rib Barbecue Sauce, Chicken & rib Renegade",
      "price": "$2.99",
      "amount": "425 mL",
      "unit": "/ea.",
      "original_price": "$3.79",
      "image_url": "https://product-images.metro.ca/images/h25/he2/11374792376350.jpg"
    },
    {
      "store": "Food Basics",
      "name": "Bordeaux Cherry Ice Cream Bars, The Creamiest",
      "price": "$4.88",
      "amount": "4x88 mL",
      "unit": "N/A",
      "original_price": "N/A",
      "image_url": "https://product-images.metro.ca/images/hd6/hc4/14950804750366.jpg"
    },
    {
      "store": "Food Basics",
      "name": "Dishwasher Detergent Tabs, Powerball",
      "price": "$13.99",
      "amount": "40 each",
      "unit": "/ea.",
      "original_price": "$15.99",
      "image_url": "https://product-images.metro.ca/images/h3c/h62/13945786138654.jpg"
    },
    {
      "store": "Food Basics",
      "name": "Sour Cream and Chives Pasta, Sidekicks",
      "price": "$1.99",
      "amount": "120 g",
      "unit": "/ea.",
      "original_price": "$2.19",
      "image_url": "https://product-images.metro.ca/images/h91/hbd/14447077589022.jpg"
    },
    {
      "store": "Food Basics",
      "name": "Frozen Garden Blend Vegetable Mix",
      "price": "$2.88",
      "amount": "750 g",
      "unit": "N/A",
      "original_price": "N/A",
      "image_url": "https://product-images.metro.ca/images/hdc/h75/13505141669918.jpg"
    },
    {
      "store": "Food Basics",
      "name": "Unbleached Flour",
      "price": "$3.77",
      "amount": "2.5 kg",
      "unit": "N/A",
      "original_price": "N/A",
      "image_url": "https://product-images.metro.ca/images/h59/he7/9096929968158.jpg"
    },
    {
      "store": "Food Basics",
      "name": "Crunchy Peanut Butter",
      "price": "$4.98",
      "amount": "1 kg",
      "unit": "/ea.",
      "original_price": "$6.99",
      "image_url": "https://product-images.metro.ca/images/h7f/hb2/10778625671198.jpg"
    },
    {
      "store": "Food Basics",
      "name": "Cream of Broccoli Soup Mix",
      "price": "$1.99",
      "amount": "1 each",
      "unit": "/ea.",
      "original_price": "$2.49",
      "image_url": "https://product-images.metro.ca/images/he9/h32/11728533258270.jpg"
    },
    {
      "store": "Food Basics",
      "name": "Large Training Pants for Boys, Bébé",
      "price": "$12.99",
      "amount": "40 each",
      "unit": "N/A",
      "original_price": "N/A",
      "image_url": "https://product-images.metro.ca/images/h1c/h75/11630026031134.jpg"
    },
    {
      "store": "Food Basics",
      "name": "Medium Cheddar Cheese",
      "price": "$5.98",
      "amount": "400 g",
      "unit": "/ea.",
      "original_price": "$7.99",
      "image_url": "https://product-images.metro.ca/images/h50/h37/14321325375518.jpg"
    },
    {
      "store": "Food Basics",
      "name": "Colour Protect Conditioner Hair Care",
      "price": "$6.49",
      "amount": "355 ml",
      "unit": "/ea.",
      "original_price": "$7.49",
      "image_url": "https://product-images.metro.ca/images/h1c/h2f/14221170573342.jpg"
    },
    {
      "store": "Food Basics",
      "name": "Jalapeno Monterey Jack Cheese",
      "price": "$5.98",
      "amount": "400 g",
      "unit": "/ea.",
      "original_price": "$7.99",
      "image_url": "https://product-images.metro.ca/images/ha4/hd4/14321314070558.jpg"
    },
    {
      "store": "Food Basics",
      "name": "Maple and Pecan Granola Cereal, Morning Crisp",
      "price": "$5.99",
      "amount": "400 g",
      "unit": "/ea.",
      "original_price": "$6.99",
      "image_url": "https://product-images.metro.ca/images/hd4/he0/13458725634078.jpg"
    },
    {
      "store": "Food Basics",
      "name": "1.5% Strawberry and Banana Flavoured Drinkable Yogur...",
      "price": "$3.88",
      "amount": "8x93 mL",
      "unit": "/ea.",
      "original_price": "$6.99",
      "image_url": "https://product-images.metro.ca/images/h5b/had/11735231791134.jpg"
    },
    {
      "store": "Food Basics",
      "name": "New-Zealand Lamb Shoulder Chop",
      "price": "$16.29",
      "amount": "N/A",
      "unit": "/avg.",
      "original_price": "$17.61",
      "image_url": "https://product-images.metro.ca/images/h46/h6d/11525583437854.jpg"
    },
    {
      "store": "Food Basics",
      "name": "Frozen Tilapia tilapia Gutted and Scaled",
      "price": "$7.49",
      "amount": "1 kg",
      "unit": "/ea.",
      "original_price": "$8.99",
      "image_url": "https://product-images.metro.ca/images/h94/h76/13434150682654.jpg"
    },
    {
      "store": "Food Basics",
      "name": "Gourmet Maple Bbq Sauce",
      "price": "$2.99",
      "amount": "500 mL",
      "unit": "/ea.",
      "original_price": "$3.79",
      "image_url": "https://product-images.metro.ca/images/h6a/h14/9986942337054.jpg"
    },
    {
      "store": "Food Basics",
      "name": "Organic Onion Powder Bag, Organic",
      "price": "$2.27",
      "amount": "44 g",
      "unit": "N/A",
      "original_price": "N/A",
      "image_url": "https://product-images.metro.ca/images/h98/h03/13653833023518.jpg"
    },
    {
      "store": "Food Basics",
      "name": "2-in-1 Anti-Dandruff Fortifying Shampoo and Conditio...",
      "price": "$6.49",
      "amount": "355 mL",
      "unit": "/ea.",
      "original_price": "$7.49",
      "image_url": "https://product-images.metro.ca/images/hd3/h88/15018936270878.jpg"
    },
    {
      "store": "Food Basics",
      "name": "Pizza Mozzarella Cheese",
      "price": "$5.98",
      "amount": "500 g",
      "unit": "/ea.",
      "original_price": "$7.99",
      "image_url": "https://product-images.metro.ca/images/ha6/ha9/15033038602270.jpg"
    },
    {
      "store": "Food Basics",
      "name": "Rosée Pasta Sauce, Di Lombardia",
      "price": "$3.49",
      "amount": "410 mL",
      "unit": "/ea.",
      "original_price": "$4.49",
      "image_url": "https://product-images.metro.ca/images/h5d/hae/14547446267934.jpg"
    },
    {
      "store": "Food Basics",
      "name": "Ice Cream Cones",
      "price": "$1.99",
      "amount": "18 each",
      "unit": "N/A",
      "original_price": "N/A",
      "image_url": "https://product-images.metro.ca/images/ha8/hfe/13760171999262.jpg"
    },
    {
      "store": "Food Basics",
      "name": "Cool Blue Flavoured Sport Drink Beverage",
      "price": "$5.99",
      "amount": "6x591 mL",
      "unit": "/ea.",
      "original_price": "$6.99",
      "image_url": "https://product-images.metro.ca/images/h38/he4/12907176230942.jpg"
    },
    {
      "store": "Food Basics",
      "name": "Banana Flavoured Ice Pops, Bananahh !",
      "price": "$5.00",
      "amount": "12x75 mL",
      "unit": "N/A",
      "original_price": "N/A",
      "image_url": "https://product-images.metro.ca/images/hef/h77/10509745324062.jpg"
    },
    {
      "store": "Food Basics",
      "name": "Unscented Regular and Super Absorbency Tampons with ...",
      "price": "$10.99",
      "amount": "34 each",
      "unit": "/ea.",
      "original_price": "$11.99",
      "image_url": "https://product-images.metro.ca/images/hb6/hec/14221058375710.jpg"
    },
    {
      "store": "Food Basics",
      "name": "Dishwasher rinse agent, Jet-Dry",
      "price": "$9.99",
      "amount": "621 mL",
      "unit": "/ea.",
      "original_price": "$11.99",
      "image_url": "https://product-images.metro.ca/images/h2e/h03/15043193634846.jpg"
    },
    {
      "store": "Food Basics",
      "name": "Creamy Parmesan Pasta, Sidekicks",
      "price": "$1.99",
      "amount": "124 g",
      "unit": "/ea.",
      "original_price": "$2.19",
      "image_url": "https://product-images.metro.ca/images/h21/h90/14447072313374.jpg"
    },
    {
      "store": "Food Basics",
      "name": "Cinnamon Flavoured Cereal Value Pack, Cinnamon Toast...",
      "price": "$4.98",
      "amount": "591 g",
      "unit": "/ea.",
      "original_price": "$6.99",
      "image_url": "https://product-images.metro.ca/images/h1e/h46/14307671769118.jpg"
    },
    {
      "store": "Food Basics",
      "name": "Boston Cream Tartlet",
      "price": "$3.99",
      "amount": "504 g",
      "unit": "/ea.",
      "original_price": "$4.99",
      "image_url": "https://product-images.metro.ca/images/h60/h04/14477247119390.jpg"
    },
    {
      "store": "Food Basics",
      "name": "Raspberry and Strawberry Flavoured Probiotic Yogurt",
      "price": "$3.88",
      "amount": "8x100 g",
      "unit": "/ea.",
      "original_price": "$4.99",
      "image_url": "https://product-images.metro.ca/images/h3f/h6a/14269444587550.jpg"
    },
    {
      "store": "Food Basics",
      "name": "Contour Pantiliners",
      "price": "$2.97",
      "amount": "64 each",
      "unit": "N/A",
      "original_price": "N/A",
      "image_url": "https://product-images.metro.ca/images/h0f/h53/13945529237534.jpg"
    },
    {
      "store": "Food Basics",
      "name": "Frozen Fruit Beverage",
      "price": "$1.27",
      "amount": "283 mL",
      "unit": "N/A",
      "original_price": "N/A",
      "image_url": "https://product-images.metro.ca/images/hba/h0a/11525591531550.jpg"
    },
    {
      "store": "Food Basics",
      "name": "Coldwater Clean HE Laundry Detergent, Pods",
      "price": "$19.98",
      "amount": "76 each",
      "unit": "/ea.",
      "original_price": "$25.99",
      "image_url": "https://product-images.metro.ca/images/h9c/h44/15174926565406.jpg"
    },
    {
      "store": "Food Basics",
      "name": "Old White Cheddar Cheese",
      "price": "$5.98",
      "amount": "400 g",
      "unit": "/ea.",
      "original_price": "$7.99",
      "image_url": "https://product-images.metro.ca/images/h5e/h2b/14321324392478.jpg"
    },
    {
      "store": "Food Basics",
      "name": "Classic Vanilla Ice Cream",
      "price": "$4.88",
      "amount": "1.5 L",
      "unit": "N/A",
      "original_price": "N/A",
      "image_url": "https://product-images.metro.ca/images/h2e/h99/14056268431390.jpg"
    },
    {
      "store": "Food Basics",
      "name": "Beans with Pork in Tomato Sauce",
      "price": "$1.27",
      "amount": "398 mL",
      "unit": "N/A",
      "original_price": "N/A",
      "image_url": "https://product-images.metro.ca/images/hff/hb1/14471016251422.jpg"
    },
    {
      "store": "Food Basics",
      "name": "Fudge Flavoured Dairy Bars",
      "price": "$8.49",
      "amount": "24x60 mL",
      "unit": "N/A",
      "original_price": "N/A",
      "image_url": "https://product-images.metro.ca/images/hc8/h81/11521303281694.jpg"
    },
    {
      "store": "Food Basics",
      "name": "Vanilla and Chocolate Flavoured Swiss Rolls",
      "price": "$4.99",
      "amount": "400 g",
      "unit": "/ea.",
      "original_price": "$5.99",
      "image_url": "https://product-images.metro.ca/images/h0e/h76/13505342996510.jpg"
    },
    {
      "store": "Food Basics",
      "name": "Elbow Macaroni Pasta",
      "price": "$1.97",
      "amount": "900 g",
      "unit": "N/A",
      "original_price": "N/A",
      "image_url": "https://product-images.metro.ca/images/h21/h0a/13653456781342.jpg"
    },
    {
      "store": "Food Basics",
      "name": "Frozen Beef Merlot, Gourmet Steamers",
      "price": "$3.88",
      "amount": "269 g",
      "unit": "/ea.",
      "original_price": "$5.49",
      "image_url": "https://product-images.metro.ca/images/hc5/h08/13870866169886.jpg"
    },
    {
      "store": "Food Basics",
      "name": "Original Scented Liquid Laundry Detergent",
      "price": "$19.98",
      "amount": "100 loads - 3.9 L",
      "unit": "/ea.",
      "original_price": "$25.99",
      "image_url": "https://product-images.metro.ca/images/h87/hdd/15174920241182.jpg"
    },
    {
      "store": "Food Basics",
      "name": "Training Pants for Boys Size 5, Pull-Ups",
      "price": "$29.99",
      "amount": "66 each",
      "unit": "/ea.",
      "original_price": "$32.99",
      "image_url": "https://product-images.metro.ca/images/he1/ha1/15027749322782.jpg"
    },
    {
      "store": "Food Basics",
      "name": "Medium Roast Ground Coffee, 1896 Tradition",
      "price": "$17.99",
      "amount": "930 g",
      "unit": "/ea.",
      "original_price": "$27.99",
      "image_url": "https://product-images.metro.ca/images/h60/h51/9986886828062.jpg"
    },
    {
      "store": "Food Basics",
      "name": "Banana Bread Soft Cookies, Bear Paws",
      "price": "$2.99",
      "amount": "240 g",
      "unit": "/ea.",
      "original_price": "$3.99",
      "image_url": "https://product-images.metro.ca/images/hbf/hd5/12473445416990.jpg"
    },
    {
      "store": "Food Basics",
      "name": "2.9% Lactose-Free Probiotic Yogurt Variety Pack",
      "price": "$5.98",
      "amount": "12x100 g",
      "unit": "/ea.",
      "original_price": "$6.99",
      "image_url": "https://product-images.metro.ca/images/h5a/h71/14269452091422.jpg"
    },
    {
      "store": "Food Basics",
      "name": "Tri-Colour Ice Cream Cones",
      "price": "$1.99",
      "amount": "18 each",
      "unit": "N/A",
      "original_price": "N/A",
      "image_url": "https://product-images.metro.ca/images/h72/h2f/14151886929950.jpg"
    },
    {
      "store": "Food Basics",
      "name": "Frozen 3-Cheese Pizza Snacks, Pizza Pops",
      "price": "$5.99",
      "amount": "760 g",
      "unit": "/ea.",
      "original_price": "$7.99",
      "image_url": "https://product-images.metro.ca/images/h2d/h97/13005897662494.jpg"
    },
    {
      "store": "Food Basics",
      "name": "Blackberry and Blueberry Refrigerated Drink, Refreshers",
      "price": "$4.49",
      "amount": "1.36 L",
      "unit": "/ea.",
      "original_price": "$4.99",
      "image_url": "https://product-images.metro.ca/images/h80/hcf/15043335487518.jpg"
    },
    {
      "store": "Food Basics",
      "name": "Florentine Spinach and Cheese Pasta Sauce",
      "price": "$3.49",
      "amount": "600 mL",
      "unit": "/ea.",
      "original_price": "$4.49",
      "image_url": "https://product-images.metro.ca/images/h42/hcd/14547678429214.jpg"
    },
    {
      "store": "Food Basics",
      "name": "Rose Bushes",
      "price": "$9.98",
      "amount": "1 each",
      "unit": "/ea.",
      "original_price": "$11.98",
      "image_url": "https://product-images.metro.ca/images/hae/he1/11514327957534.jpg"
    },
    {
      "store": "Food Basics",
      "name": "2.9% Strawberry-Rhubarb and Blueberry Flavoured Prob...",
      "price": "$3.88",
      "amount": "8x100 g",
      "unit": "/ea.",
      "original_price": "$4.99",
      "image_url": "https://product-images.metro.ca/images/h4a/hb5/14414602272798.jpg"
    },
    {
      "store": "Food Basics",
      "name": "Berries Flavoured Gummy Candy, Swedish Berries",
      "price": "$2.79",
      "amount": "154 g",
      "unit": "/ea.",
      "original_price": "$2.99",
      "image_url": "https://product-images.metro.ca/images/hde/h3a/13948663627806.jpg"
    },
    {
      "store": "Food Basics",
      "name": "2.9% Lactose-Free Probiotic Yogurt Variety Pack",
      "price": "$5.98",
      "amount": "12x100 g",
      "unit": "/ea.",
      "original_price": "$6.99",
      "image_url": "https://product-images.metro.ca/images/h31/h34/14269446914078.jpg"
    },
    {
      "store": "Food Basics",
      "name": "Shredded 4-Cheese Blend, Italiano",
      "price": "$9.99",
      "amount": "620 g",
      "unit": "N/A",
      "original_price": "N/A",
      "image_url": "https://product-images.metro.ca/images/h6e/h62/15086914895902.jpg"
    },
    {
      "store": "Food Basics",
      "name": "Ready To Serve Beef and Stew Vegetable Soup, Chunky",
      "price": "$3.49",
      "amount": "515 mL",
      "unit": "/ea.",
      "original_price": "$3.99",
      "image_url": "https://product-images.metro.ca/images/he7/hb0/10821498470430.jpg"
    },
    {
      "store": "Food Basics",
      "name": "Extra Soft Hamburger Buns, Toscana",
      "price": "$2.98",
      "amount": "8 each",
      "unit": "/ea.",
      "original_price": "$3.99",
      "image_url": "https://product-images.metro.ca/images/hdd/h52/14440936210462.jpg"
    },
    {
      "store": "Food Basics",
      "name": "Peach and Lychee Flavoured Refreshing Beverage, On Ice",
      "price": "$2.99",
      "amount": "1.89 L",
      "unit": "/ea.",
      "original_price": "$3.49",
      "image_url": "https://product-images.metro.ca/images/h48/h55/15067478229022.jpg"
    },
    {
      "store": "Food Basics",
      "name": "Fettuccine Alfredo, Sidekicks",
      "price": "$1.99",
      "amount": "133 g",
      "unit": "/ea.",
      "original_price": "$2.19",
      "image_url": "https://product-images.metro.ca/images/hfa/hcf/14447073853470.jpg"
    },
    {
      "store": "Food Basics",
      "name": "Extra Virgin Olive Oil",
      "price": "$5.98",
      "amount": "750 mL",
      "unit": "/ea.",
      "original_price": "$12.99",
      "image_url": "https://product-images.metro.ca/images/h31/h4d/9275632582686.jpg"
    },
    {
      "store": "Food Basics",
      "name": "Sour Cream and Onion Flavoured Brown Rice Chips, Cri...",
      "price": "$2.49",
      "amount": "100 g",
      "unit": "/ea.",
      "original_price": "$3.49",
      "image_url": "https://product-images.metro.ca/images/h53/h01/10541471891486.jpg"
    },
    {
      "store": "Food Basics",
      "name": "Milk Chocolate Candies, Value Pack",
      "price": "$4.49",
      "amount": "165 g",
      "unit": "/ea.",
      "original_price": "$5.99",
      "image_url": "https://product-images.metro.ca/images/hc7/h9d/13948950446110.jpg"
    },
    {
      "store": "Food Basics",
      "name": "Organic Thyme, Organic",
      "price": "$2.27",
      "amount": "15 g",
      "unit": "N/A",
      "original_price": "N/A",
      "image_url": "https://product-images.metro.ca/images/h9b/h62/13653845442590.jpg"
    },
    {
      "store": "Food Basics",
      "name": "Breaded Chicken Nuggets, Pub Style",
      "price": "$5.88",
      "amount": "700 g",
      "unit": "/ea.",
      "original_price": "$8.99",
      "image_url": "https://product-images.metro.ca/images/hc9/h3e/10254221803550.jpg"
    },
    {
      "store": "Food Basics",
      "name": "Original Flavour Chips, Party Stack",
      "price": "$2.99",
      "amount": "194 g",
      "unit": "/ea.",
      "original_price": "$3.49",
      "image_url": "https://product-images.metro.ca/images/ha5/hb9/11236158341150.jpg"
    },
    {
      "store": "Food Basics",
      "name": "Grammy's Cupboard Flavoured Ice Cream",
      "price": "$5.88",
      "amount": "1.5 L",
      "unit": "/ea.",
      "original_price": "$7.99",
      "image_url": "https://product-images.metro.ca/images/hfb/h82/13511848820766.jpg"
    },
    {
      "store": "Food Basics",
      "name": "Marble Cheddar Shredded Cheese",
      "price": "$5.98",
      "amount": "320 g",
      "unit": "/ea.",
      "original_price": "$7.29",
      "image_url": "https://product-images.metro.ca/images/hc4/h81/14321331765278.jpg"
    },
    {
      "store": "Food Basics",
      "name": "Orange Flavoured Sport Drink Beverage, G Zero",
      "price": "$5.99",
      "amount": "6x591 mL",
      "unit": "/ea.",
      "original_price": "$6.99",
      "image_url": "https://product-images.metro.ca/images/hcd/h96/12856083382302.jpg"
    },
    {
      "store": "Food Basics",
      "name": "Bolognese Pasta Sauce",
      "price": "$3.49",
      "amount": "600 mL",
      "unit": "/ea.",
      "original_price": "$4.49",
      "image_url": "https://product-images.metro.ca/images/hf3/hdf/14547681509406.jpg"
    },
    {
      "store": "Food Basics",
      "name": "Apple and Cinnamon Flavoured Brown Rice Cake, Crispy...",
      "price": "$2.49",
      "amount": "196 g",
      "unit": "/ea.",
      "original_price": "$3.49",
      "image_url": "https://product-images.metro.ca/images/hbd/h99/14020925620254.jpg"
    },
    {
      "store": "Food Basics",
      "name": "Chicken Wieners, The Original",
      "price": "$1.99",
      "amount": "450g",
      "unit": "/ea.",
      "original_price": "$2.99",
      "image_url": "https://product-images.metro.ca/images/h7e/h14/14269435609118.jpg"
    },
    {
      "store": "Food Basics",
      "name": "Alfredo Pasta Sauce, Di Roma",
      "price": "$3.49",
      "amount": "410 mL",
      "unit": "/ea.",
      "original_price": "$4.49",
      "image_url": "https://product-images.metro.ca/images/h1f/h2f/14547443875870.jpg"
    },
    {
      "store": "Food Basics",
      "name": "Margarine",
      "price": "$6.49",
      "amount": "850 g",
      "unit": "/ea.",
      "original_price": "$7.49",
      "image_url": "https://product-images.metro.ca/images/hd5/h98/10946125496350.jpg"
    },
    {
      "store": "Food Basics",
      "name": "Belgian Sliced Bread",
      "price": "$2.99",
      "amount": "500 g",
      "unit": "/ea.",
      "original_price": "$3.49",
      "image_url": "https://product-images.metro.ca/images/hf4/h54/13505352695838.jpg"
    },
    {
      "store": "Food Basics",
      "name": "Reduced Sodium Applewood Smoked Ham",
      "price": "$10.99",
      "amount": "700 g",
      "unit": "/ea.",
      "original_price": "$16.99",
      "image_url": "https://product-images.metro.ca/images/h2b/hba/13458656362526.jpg"
    },
    {
      "store": "Food Basics",
      "name": "Lemonade Flavoured Water Enhancer, Energy",
      "price": "$2.99",
      "amount": "10 each",
      "unit": "/ea.",
      "original_price": "$3.39",
      "image_url": "https://product-images.metro.ca/images/hcf/hdb/13006007173150.jpg"
    },
    {
      "store": "Food Basics",
      "name": "Gourmet Rib and Chicken Bbq Sauce",
      "price": "$2.99",
      "amount": "500 mL",
      "unit": "/ea.",
      "original_price": "$3.79",
      "image_url": "https://product-images.metro.ca/images/h22/h31/9986941550622.jpg"
    },
    {
      "store": "Food Basics",
      "name": "Balsamic Vinaigrette",
      "price": "$2.99",
      "amount": "425 mL",
      "unit": "/ea.",
      "original_price": "$3.79",
      "image_url": "https://product-images.metro.ca/images/hb0/h74/15139536699422.jpg"
    },
    {
      "store": "Food Basics",
      "name": "Berry Flavoured Electrolyte Drink Packets, Hydrate",
      "price": "$2.99",
      "amount": "45 g",
      "unit": "/ea.",
      "original_price": "$3.39",
      "image_url": "https://product-images.metro.ca/images/h9e/h69/13760223019038.jpg"
    },
    {
      "store": "Food Basics",
      "name": "Nighttime Underwear for Boys Size L, GoodNites",
      "price": "$29.99",
      "amount": "34 each",
      "unit": "/ea.",
      "original_price": "$32.99",
      "image_url": "https://product-images.metro.ca/images/hc8/h68/14505685745694.jpg"
    },
    {
      "store": "Food Basics",
      "name": "Everything Crackers, Vinta",
      "price": "$2.79",
      "amount": "200 g",
      "unit": "/ea.",
      "original_price": "$3.49",
      "image_url": "https://product-images.metro.ca/images/h03/h94/12771098853406.jpg"
    },
    {
      "store": "Food Basics",
      "name": "Vanilla Flavoured Ice Cream Sandwiches",
      "price": "$5.00",
      "amount": "18x60 mL",
      "unit": "N/A",
      "original_price": "N/A",
      "image_url": "https://product-images.metro.ca/images/hb1/hf8/14056466677790.jpg"
    },
    {
      "store": "Food Basics",
      "name": "Margarita Mix",
      "price": "$3.99",
      "amount": "1 L",
      "unit": "/ea.",
      "original_price": "$4.99",
      "image_url": "https://product-images.metro.ca/images/hf5/h71/9985447821342.jpg"
    },
    {
      "store": "Food Basics",
      "name": "2.9% Strawberry Flavoured Probiotic Yogurt",
      "price": "$5.98",
      "amount": "12x100 g",
      "unit": "/ea.",
      "original_price": "$6.99",
      "image_url": "https://product-images.metro.ca/images/ha3/h81/14983792230430.jpg"
    },
    {
      "store": "Food Basics",
      "name": "Caramel and Chocolate Chips Brown Rice Cakes, Crispy...",
      "price": "$2.49",
      "amount": "199 g",
      "unit": "/ea.",
      "original_price": "$3.49",
      "image_url": "https://product-images.metro.ca/images/h8f/hb9/14020703256606.jpg"
    },
    {
      "store": "Food Basics",
      "name": "Flexfoam® Regular Sanitary Napkins, Radiant",
      "price": "$10.99",
      "amount": "30 each",
      "unit": "/ea.",
      "original_price": "$12.99",
      "image_url": "https://product-images.metro.ca/images/h72/hb8/13945493356574.jpg"
    },
    {
      "store": "Food Basics",
      "name": "10” Whole Wheat Tortillas",
      "price": "$3.49",
      "amount": "610 g",
      "unit": "/ea.",
      "original_price": "$4.49",
      "image_url": "https://product-images.metro.ca/images/he9/h56/14414625701918.jpg"
    },
    {
      "store": "Food Basics",
      "name": "Bag of Clementines",
      "price": "$3.98",
      "amount": "2 lb",
      "unit": "/ea.",
      "original_price": "$4.98",
      "image_url": "https://product-images.metro.ca/images/hcd/h1d/9335900307486.jpg"
    },
    {
      "store": "Food Basics",
      "name": "Frozen Vegetable Mix for Spaghetti Sauce",
      "price": "$2.88",
      "amount": "750 g",
      "unit": "N/A",
      "original_price": "N/A",
      "image_url": "https://product-images.metro.ca/images/h7c/hbd/14151795867678.jpg"
    },
    {
      "store": "Food Basics",
      "name": "Hamburger Buns",
      "price": "$2.98",
      "amount": "8 each",
      "unit": "/ea.",
      "original_price": "$3.99",
      "image_url": "https://product-images.metro.ca/images/he0/hf3/14441070886942.jpg"
    },
    {
      "store": "Food Basics",
      "name": "Sundried Tomato Vinaigrette",
      "price": "$2.99",
      "amount": "425 mL",
      "unit": "/ea.",
      "original_price": "$3.79",
      "image_url": "https://product-images.metro.ca/images/h46/h35/15139516514334.jpg"
    },
    {
      "store": "Food Basics",
      "name": "Natural Smooth Peanut Butter, Only Peanuts",
      "price": "$4.98",
      "amount": "750 g",
      "unit": "/ea.",
      "original_price": "$6.99",
      "image_url": "https://product-images.metro.ca/images/h00/h49/11761504419870.jpg"
    },
    {
      "store": "Food Basics",
      "name": "Dry Roasted Peanuts",
      "price": "$4.97",
      "amount": "700 g",
      "unit": "N/A",
      "original_price": "N/A",
      "image_url": "https://product-images.metro.ca/images/h04/hb8/11521246068766.jpg"
    },
    {
      "store": "Food Basics",
      "name": "All-Purpose Cleaning Spray With Bleach",
      "price": "$4.49",
      "amount": "946 ml",
      "unit": "/ea.",
      "original_price": "$4.99",
      "image_url": "https://product-images.metro.ca/images/hda/hfb/12505531219998.jpg"
    },
    {
      "store": "Food Basics",
      "name": "Spring Meadow Scented 3 in 1 He Laundry Detergent, Pods",
      "price": "$19.98",
      "amount": "76 each",
      "unit": "/ea.",
      "original_price": "$25.99",
      "image_url": "https://product-images.metro.ca/images/h6e/he2/15174922010654.jpg"
    },
    {
      "store": "Food Basics",
      "name": "Whole Wheat Flour",
      "price": "$3.77",
      "amount": "2.5 kg",
      "unit": "N/A",
      "original_price": "N/A",
      "image_url": "https://product-images.metro.ca/images/h28/h51/10183869595678.jpg"
    },
    {
      "store": "Food Basics",
      "name": "Frozen Strawberry Cheesecake Flavoured Ice Cream Bar...",
      "price": "$4.88",
      "amount": "4x72 mL",
      "unit": "N/A",
      "original_price": "N/A",
      "image_url": "https://product-images.metro.ca/images/h7d/h03/14056592703518.jpg"
    },
    {
      "store": "Food Basics",
      "name": "Chicken Pasta, Sidekicks",
      "price": "$1.99",
      "amount": "126 g",
      "unit": "/ea.",
      "original_price": "$2.19",
      "image_url": "https://product-images.metro.ca/images/haa/hf4/14447063138334.jpg"
    },
    {
      "store": "Food Basics",
      "name": "Spicy Tomato and Parmesan Pasta Sauce, Di Molise",
      "price": "$3.49",
      "amount": "410 mL",
      "unit": "/ea.",
      "original_price": "$4.49",
      "image_url": "https://product-images.metro.ca/images/h66/h62/14547440697374.jpg"
    },
    {
      "store": "Food Basics",
      "name": "Green Tea and Cucumber Scented Body Wash",
      "price": "$2.99",
      "amount": "650 mL",
      "unit": "N/A",
      "original_price": "N/A",
      "image_url": "https://product-images.metro.ca/images/h6d/hc8/13947861991454.jpg"
    },
    {
      "store": "Food Basics",
      "name": "Raspberry Lemonade Flavoured Ginger Ale",
      "price": "$7.48",
      "amount": "12x355 mL",
      "unit": "/ea.",
      "original_price": "$8.49",
      "image_url": "https://product-images.metro.ca/images/h69/h0e/12816364896286.jpg"
    },
    {
      "store": "Food Basics",
      "name": "Honey Garlic Noodles, Sidekicks",
      "price": "$1.99",
      "amount": "152 g",
      "unit": "/ea.",
      "original_price": "$2.19",
      "image_url": "https://product-images.metro.ca/images/h61/h9b/11857622532126.jpg"
    },
    {
      "store": "Food Basics",
      "name": "Country Meadow Scented Liquid Fabric Softener",
      "price": "$3.99",
      "amount": "48 loads-1.6 L",
      "unit": "N/A",
      "original_price": "N/A",
      "image_url": "https://product-images.metro.ca/images/ha9/he4/14950598443038.jpg"
    },
    {
      "store": "Food Basics",
      "name": "Unscented Baby Wipes Pop-Top Packs, Sensitive",
      "price": "$7.49",
      "amount": "3x56 each",
      "unit": "/ea.",
      "original_price": "$9.49",
      "image_url": "https://product-images.metro.ca/images/hb4/he1/13935885746206.jpg"
    },
    {
      "store": "Food Basics",
      "name": "Orange Flavoured Liquid Drink Mix",
      "price": "$2.99",
      "amount": "48 mL",
      "unit": "/ea.",
      "original_price": "$3.39",
      "image_url": "https://product-images.metro.ca/images/h10/hb8/13285819219998.jpg"
    },
    {
      "store": "Food Basics",
      "name": "Frozen Smokey BBQ Angus Beef",
      "price": "$3.88",
      "amount": "283 g",
      "unit": "/ea.",
      "original_price": "$5.29",
      "image_url": "https://product-images.metro.ca/images/he8/h14/13163015176222.jpg"
    },
    {
      "store": "Food Basics",
      "name": "Ready to Serve Chicken Noodle Soup, Chunky",
      "price": "$3.49",
      "amount": "515 mL",
      "unit": "/ea.",
      "original_price": "$3.99",
      "image_url": "https://product-images.metro.ca/images/h13/h7a/11849532735518.jpg"
    },
    {
      "store": "Food Basics",
      "name": "Tomato Sauce Beans",
      "price": "$1.27",
      "amount": "398 mL",
      "unit": "N/A",
      "original_price": "N/A",
      "image_url": "https://product-images.metro.ca/images/hb0/h1f/14470004408350.jpg"
    },
    {
      "store": "Food Basics",
      "name": "Natural Crunchy Peanut Butter, Only Peanuts",
      "price": "$4.98",
      "amount": "750 g",
      "unit": "/ea.",
      "original_price": "$6.99",
      "image_url": "https://product-images.metro.ca/images/hf4/h3f/11761500061726.jpg"
    },
    {
      "store": "Food Basics",
      "name": "Crisp and Buttery Crackers, Breton",
      "price": "$2.79",
      "amount": "173 g",
      "unit": "/ea.",
      "original_price": "$3.49",
      "image_url": "https://product-images.metro.ca/images/hc7/hdf/12771097444382.jpg"
    },
    {
      "store": "Food Basics",
      "name": "Lemon Flavoured Sparkling Water",
      "price": "$8.99",
      "amount": "6x1L",
      "unit": "/ea.",
      "original_price": "$10.99",
      "image_url": "https://product-images.metro.ca/images/hf4/h77/12816271147038.jpg"
    },
    {
      "store": "Food Basics",
      "name": "Very Berry Granola Cereal, Morning Crisp",
      "price": "$5.99",
      "amount": "400 g",
      "unit": "/ea.",
      "original_price": "$6.99",
      "image_url": "https://product-images.metro.ca/images/hd2/h35/13458714722334.jpg"
    },
    {
      "store": "Food Basics",
      "name": "Turkey Sausage Sticks, Pepperettes",
      "price": "$7.99",
      "amount": "375 g",
      "unit": "/ea.",
      "original_price": "$10.99",
      "image_url": "https://product-images.metro.ca/images/h0e/h53/13458655019038.jpg"
    },
    {
      "store": "Food Basics",
      "name": "Smooth Peanut Butter",
      "price": "$4.98",
      "amount": "1 kg",
      "unit": "/ea.",
      "original_price": "$6.99",
      "image_url": "https://product-images.metro.ca/images/h90/h43/10778619674654.jpg"
    },
    {
      "store": "Food Basics",
      "name": "Honey Garlic Fully Cooked Smoked Sausage",
      "price": "$8.99",
      "amount": "900 g",
      "unit": "N/A",
      "original_price": "N/A",
      "image_url": "https://product-images.metro.ca/images/h56/he5/14269617340446.jpg"
    },
    {
      "store": "Food Basics",
      "name": "Thick-Sliced White Bread, Classico",
      "price": "$2.98",
      "amount": "675 g",
      "unit": "/ea.",
      "original_price": "$3.99",
      "image_url": "https://product-images.metro.ca/images/hb4/h10/14440937750558.jpg"
    },
    {
      "store": "Food Basics",
      "name": "Spring waterfall® disinfectant spray",
      "price": "$5.49",
      "amount": "350 g",
      "unit": "/ea.",
      "original_price": "$6.99",
      "image_url": "https://product-images.metro.ca/images/h6a/h06/13421165150238.jpg"
    },
    {
      "store": "Food Basics",
      "name": "Thick-Sliced White Bread, Artesano",
      "price": "$2.98",
      "amount": "600 g",
      "unit": "/ea.",
      "original_price": "$3.99",
      "image_url": "https://product-images.metro.ca/images/h26/h24/14440934342686.jpg"
    },
    {
      "store": "Food Basics",
      "name": "Crunchy Hazelnut Spread with Cocoa",
      "price": "$4.98",
      "amount": "725 g",
      "unit": "/ea.",
      "original_price": "$7.29",
      "image_url": "https://product-images.metro.ca/images/h14/h1f/10052604428318.jpg"
    },
    {
      "store": "Food Basics",
      "name": "Old Cheddar Cheese With Cashews And Cranberries, Combo",
      "price": "$4.49",
      "amount": "3x43 g",
      "unit": "/ea.",
      "original_price": "$5.99",
      "image_url": "https://product-images.metro.ca/images/h7e/h7d/12018838011934.jpg"
    },
    {
      "store": "Food Basics",
      "name": "Honey Clusters Cereal, Fibre 1",
      "price": "$4.98",
      "amount": "475 g",
      "unit": "/ea.",
      "original_price": "$6.99",
      "image_url": "https://product-images.metro.ca/images/hc0/h81/11386317176862.jpg"
    },
    {
      "store": "Food Basics",
      "name": "Milk Chocolate Coated Peanut Candies",
      "price": "$4.49",
      "amount": "165 g",
      "unit": "/ea.",
      "original_price": "$5.99",
      "image_url": "https://product-images.metro.ca/images/hab/h6d/15019097620510.jpg"
    },
    {
      "store": "Food Basics",
      "name": "Natural Spring Water",
      "price": "$4.48",
      "amount": "24x500 mL",
      "unit": "/ea.",
      "original_price": "$7.99",
      "image_url": "https://product-images.metro.ca/images/h98/h72/14566128779294.jpg"
    },
    {
      "store": "Food Basics",
      "name": "Daily Moisture Shampoo Hair Care",
      "price": "$6.49",
      "amount": "355 ml",
      "unit": "/ea.",
      "original_price": "$7.49",
      "image_url": "https://product-images.metro.ca/images/h89/hd4/14176391364638.jpg"
    },
    {
      "store": "Food Basics",
      "name": "Indian Eggplant",
      "price": "$0.26",
      "amount": "N/A",
      "unit": "/avg.",
      "original_price": "$5.05",
      "image_url": "https://product-images.metro.ca/images/h91/hc9/11764199030814.jpg"
    },
    {
      "store": "Food Basics",
      "name": "Original Wieners, Red Hots",
      "price": "$5.99",
      "amount": "375 g",
      "unit": "/ea.",
      "original_price": "$6.99",
      "image_url": "https://product-images.metro.ca/images/h1b/h84/13458633490462.jpg"
    },
    {
      "store": "Food Basics",
      "name": "Cola Flavoured Soft Drink",
      "price": "$7.48",
      "amount": "12x355 mL",
      "unit": "/ea.",
      "original_price": "$8.49",
      "image_url": "https://product-images.metro.ca/images/he6/h3a/15214724710430.jpg"
    },
    {
      "store": "Food Basics",
      "name": "3% Plain Balkan Style Yogurt, Original",
      "price": "$2.98",
      "amount": "750 g",
      "unit": "/ea.",
      "original_price": "$3.49",
      "image_url": "https://product-images.metro.ca/images/ha9/h06/12735369642014.jpg"
    },
    {
      "store": "Food Basics",
      "name": "Frozen Spicy Italian Sausages",
      "price": "$6.99",
      "amount": "675 g",
      "unit": "/ea.",
      "original_price": "$7.99",
      "image_url": "https://product-images.metro.ca/images/h5c/ha9/11168834912286.jpg"
    },
    {
      "store": "Food Basics",
      "name": "Ice Cream Sugar Cone",
      "price": "$1.99",
      "amount": "12 each",
      "unit": "N/A",
      "original_price": "N/A",
      "image_url": "https://product-images.metro.ca/images/h77/hd3/14151894597662.jpg"
    },
    {
      "store": "Food Basics",
      "name": "Italian Wedding Ready To Serve Soup",
      "price": "$3.49",
      "amount": "515 mL",
      "unit": "/ea.",
      "original_price": "$3.99",
      "image_url": "https://product-images.metro.ca/images/hb7/hd9/13536554254366.jpg"
    },
    {
      "store": "Food Basics",
      "name": "4-Cheese Tortellini Pasta with Grana Padano",
      "price": "$1.98",
      "amount": "225 g",
      "unit": "/ea.",
      "original_price": "$2.99",
      "image_url": "https://product-images.metro.ca/images/h7f/hd2/11694094843934.jpg"
    },
    {
      "store": "Food Basics",
      "name": "In-Wash Scent Booster Beads, Unstoppables",
      "price": "$19.98",
      "amount": "853 g",
      "unit": "/ea.",
      "original_price": "$24.99",
      "image_url": "https://product-images.metro.ca/images/hd3/h00/13400506826782.jpg"
    },
    {
      "store": "Food Basics",
      "name": "Barbecue Sauce, Bold Original",
      "price": "$2.99",
      "amount": "425 mL",
      "unit": "/ea.",
      "original_price": "$3.79",
      "image_url": "https://product-images.metro.ca/images/h06/h1e/9986918678558.jpg"
    },
    {
      "store": "Food Basics",
      "name": "Munich style rye sliced bread",
      "price": "$2.99",
      "amount": "500 g",
      "unit": "/ea.",
      "original_price": "$4.29",
      "image_url": "https://product-images.metro.ca/images/h22/hb0/14484898840606.jpg"
    },
    {
      "store": "Food Basics",
      "name": "Frozen Korean BBQ Inspired Beef Bolognese",
      "price": "$3.88",
      "amount": "312 g",
      "unit": "/ea.",
      "original_price": "$5.29",
      "image_url": "https://product-images.metro.ca/images/he9/h53/13247327731742.jpg"
    },
    {
      "store": "Food Basics",
      "name": "3-Colour Tortellini Pasta with 4 Cheese and Grana Pa...",
      "price": "$1.98",
      "amount": "225 g",
      "unit": "/ea.",
      "original_price": "$2.99",
      "image_url": "https://product-images.metro.ca/images/hac/hbc/11849561112606.jpg"
    },
    {
      "store": "Food Basics",
      "name": "Marble Cheddar Cheese",
      "price": "$5.98",
      "amount": "400 g",
      "unit": "/ea.",
      "original_price": "$7.99",
      "image_url": "https://product-images.metro.ca/images/h21/hb8/14307696148510.jpg"
    },
    {
      "store": "Food Basics",
      "name": "Farmer's Sausage",
      "price": "$12.99",
      "amount": "900 g",
      "unit": "/ea.",
      "original_price": "$14.99",
      "image_url": "https://product-images.metro.ca/images/h37/hba/14927652618270.jpg"
    },
    {
      "store": "Food Basics",
      "name": "Chilli and Lime Flavoured Popped Lotus Seeds",
      "price": "$2.99",
      "amount": "75 g",
      "unit": "/ea.",
      "original_price": "$3.49",
      "image_url": "https://product-images.metro.ca/images/h83/h4f/14391393484830.jpg"
    },
    {
      "store": "Food Basics",
      "name": "Linguine Pasta",
      "price": "$1.97",
      "amount": "900 g",
      "unit": "N/A",
      "original_price": "N/A",
      "image_url": "https://product-images.metro.ca/images/h9e/hbe/13653409005598.jpg"
    },
    {
      "store": "Food Basics",
      "name": "Aloe Body Wash",
      "price": "$2.99",
      "amount": "621 mL",
      "unit": "N/A",
      "original_price": "N/A",
      "image_url": "https://product-images.metro.ca/images/h3f/h20/14303168593950.jpg"
    },
    {
      "store": "Food Basics",
      "name": "Smoked Ham",
      "price": "$10.99",
      "amount": "600 g",
      "unit": "/ea.",
      "original_price": "$15.99",
      "image_url": "https://product-images.metro.ca/images/h95/h7c/13458627985438.jpg"
    },
    {
      "store": "Food Basics",
      "name": "Bag of Limes",
      "price": "$3.98",
      "amount": "1 lb",
      "unit": "/ea.",
      "original_price": "$4.98",
      "image_url": "https://product-images.metro.ca/images/h50/h3a/8894365335582.jpg"
    },
    {
      "store": "Food Basics",
      "name": "Chocolate Coated Vanilla Ice Cream Bars, The Creamiest",
      "price": "$4.88",
      "amount": "4x88 mL",
      "unit": "N/A",
      "original_price": "N/A",
      "image_url": "https://product-images.metro.ca/images/h10/hd5/14950804914206.jpg"
    },
    {
      "store": "Food Basics",
      "name": "Avalanche of Choco-Mint Delight Ice Cream",
      "price": "$4.88",
      "amount": "1.5 L",
      "unit": "N/A",
      "original_price": "N/A",
      "image_url": "https://product-images.metro.ca/images/hb9/h32/14056271970334.jpg"
    },
    {
      "store": "Food Basics",
      "name": "Greek Dressing with Feta and Oregano",
      "price": "$2.99",
      "amount": "425 mL",
      "unit": "/ea.",
      "original_price": "$3.79",
      "image_url": "https://product-images.metro.ca/images/h14/h66/15139519103006.jpg"
    },
    {
      "store": "Food Basics",
      "name": "Lactose Free Marble Cheddar Cheese",
      "price": "$5.98",
      "amount": "400 g",
      "unit": "/ea.",
      "original_price": "$7.99",
      "image_url": "https://product-images.metro.ca/images/h8e/h15/14321316593694.jpg"
    },
    {
      "store": "Food Basics",
      "name": "Rosemary and Olive Oil Toasted Snack Bread, Baguettes",
      "price": "$2.79",
      "amount": "120 g",
      "unit": "/ea.",
      "original_price": "$3.79",
      "image_url": "https://product-images.metro.ca/images/h2c/h7a/9985479540766.jpg"
    },
    {
      "store": "Food Basics",
      "name": "Ready To Serve Texas Style Bbq Beef Soup, Chunky",
      "price": "$3.49",
      "amount": "515 mL",
      "unit": "/ea.",
      "original_price": "$3.99",
      "image_url": "https://product-images.metro.ca/images/h1a/h69/11090271600670.jpg"
    },
    {
      "store": "Food Basics",
      "name": "Vanilla Cream Filled Chocolatey Cakes, Jos Louis",
      "price": "$3.49",
      "amount": "6 cakes, 324 g",
      "unit": "/ea.",
      "original_price": "$4.99",
      "image_url": "https://product-images.metro.ca/images/hc5/h3a/13384403517470.jpg"
    },
    {
      "store": "Food Basics",
      "name": "Extra-large Training Pants for Girls, Bébé",
      "price": "$12.99",
      "amount": "33 each",
      "unit": "N/A",
      "original_price": "N/A",
      "image_url": "https://product-images.metro.ca/images/h12/h35/11627191238686.jpg"
    },
    {
      "store": "Food Basics",
      "name": "Fruit Jelly Rolled Sponge Cakes Sprinkled with Cocon...",
      "price": "$3.49",
      "amount": "6 each - 288 g",
      "unit": "/ea.",
      "original_price": "$4.99",
      "image_url": "https://product-images.metro.ca/images/he3/h7c/13384394113054.jpg"
    },
    {
      "store": "Food Basics",
      "name": "Avalanche of Caramel Tornado Ice Cream",
      "price": "$4.88",
      "amount": "1.5 L",
      "unit": "N/A",
      "original_price": "N/A",
      "image_url": "https://product-images.metro.ca/images/h7b/h74/14056270168094.jpg"
    },
    {
      "store": "Food Basics",
      "name": "Cola Flavoured Soft Drink",
      "price": "$7.48",
      "amount": "12x355 mL",
      "unit": "/ea.",
      "original_price": "$7.99",
      "image_url": "https://product-images.metro.ca/images/hfc/hb3/12354385510430.jpg"
    },
    {
      "store": "Food Basics",
      "name": "Iceberg Lettuce",
      "price": "$1.98",
      "amount": "Sold individually",
      "unit": "N/A",
      "original_price": "N/A",
      "image_url": "https://product-images.metro.ca/images/h72/had/8907059920926.jpg"
    },
    {
      "store": "Food Basics",
      "name": "Laundry Detergent, Free & Gentle",
      "price": "$19.98",
      "amount": "100 loads - 3.9 L",
      "unit": "/ea.",
      "original_price": "$25.99",
      "image_url": "https://product-images.metro.ca/images/h95/h43/15111314014238.jpg"
    },
    {
      "store": "Food Basics",
      "name": "Overnight Maxi Sanitary Napkins with Wings",
      "price": "$2.97",
      "amount": "14 each",
      "unit": "N/A",
      "original_price": "N/A",
      "image_url": "https://product-images.metro.ca/images/h40/h6b/13945521569822.jpg"
    },
    {
      "store": "Food Basics",
      "name": "Ocean Breeze Scented Liquid Laundry Detergent, Ultra...",
      "price": "$3.99",
      "amount": "40 loads-1.8 L",
      "unit": "N/A",
      "original_price": "N/A",
      "image_url": "https://product-images.metro.ca/images/h2d/he4/14645753020446.jpg"
    },
    {
      "store": "Food Basics",
      "name": "Sesame Bagels",
      "price": "$2.98",
      "amount": "6 each - 450 g",
      "unit": "/ea.",
      "original_price": "$3.99",
      "image_url": "https://product-images.metro.ca/images/ha9/ha9/13384472952862.jpg"
    },
    {
      "store": "Food Basics",
      "name": "3 Shredded Cheese Blend",
      "price": "$5.98",
      "amount": "320 g",
      "unit": "/ea.",
      "original_price": "$7.29",
      "image_url": "https://product-images.metro.ca/images/h73/h0e/14321328128030.jpg"
    },
    {
      "store": "Food Basics",
      "name": "Hungarian Salami",
      "price": "$6.99",
      "amount": "2x125 g",
      "unit": "/ea.",
      "original_price": "$7.99",
      "image_url": "https://product-images.metro.ca/images/hdf/h4b/11669765750814.jpg"
    },
    {
      "store": "Food Basics",
      "name": "Glacier Freeze Flavoured  Sport Drink Beverage, G Zero",
      "price": "$5.99",
      "amount": "6x591 mL",
      "unit": "/ea.",
      "original_price": "$6.99",
      "image_url": "https://product-images.metro.ca/images/h17/h0e/12856098816030.jpg"
    },
    {
      "store": "Food Basics",
      "name": "Gourmet Spicy Bbq Sauce",
      "price": "$2.99",
      "amount": "500 mL",
      "unit": "/ea.",
      "original_price": "$3.79",
      "image_url": "https://product-images.metro.ca/images/hd3/h60/9986907832350.jpg"
    },
    {
      "store": "Food Basics",
      "name": "Pineapple Flavoured Soft Drink",
      "price": "$7.48",
      "amount": "12x355 mL",
      "unit": "/ea.",
      "original_price": "$8.49",
      "image_url": "https://product-images.metro.ca/images/h12/h58/13536538525726.jpg"
    },
    {
      "store": "Food Basics",
      "name": "Daily Moisture Conditioner Hair Care",
      "price": "$6.49",
      "amount": "355 ml",
      "unit": "/ea.",
      "original_price": "$7.49",
      "image_url": "https://product-images.metro.ca/images/h1b/he3/14221124829214.jpg"
    },
    {
      "store": "Food Basics",
      "name": "Cola Flavoured Soft Drink",
      "price": "$7.48",
      "amount": "12x355 mL",
      "unit": "/ea.",
      "original_price": "$8.49",
      "image_url": "https://product-images.metro.ca/images/h2d/h89/15214727397406.jpg"
    },
    {
      "store": "Food Basics",
      "name": "Regular Flow Ultra Thin Pads With Wings",
      "price": "$2.97",
      "amount": "18 each",
      "unit": "N/A",
      "original_price": "N/A",
      "image_url": "https://product-images.metro.ca/images/h8d/h38/13945437847582.jpg"
    },
    {
      "store": "Food Basics",
      "name": "Gluten Free Mild Italian Sausages",
      "price": "$6.99",
      "amount": "675 g",
      "unit": "/ea.",
      "original_price": "$7.99",
      "image_url": "https://product-images.metro.ca/images/h2f/h55/12555803099166.jpg"
    },
    {
      "store": "Food Basics",
      "name": "Frozen Chopped Spinach",
      "price": "$2.88",
      "amount": "500 g",
      "unit": "N/A",
      "original_price": "N/A",
      "image_url": "https://product-images.metro.ca/images/he8/h07/13505293418526.jpg"
    },
    {
      "store": "Food Basics",
      "name": "Raspberry Flavoured Swiss Rolls",
      "price": "$4.99",
      "amount": "400 g",
      "unit": "/ea.",
      "original_price": "$5.99",
      "image_url": "https://product-images.metro.ca/images/h54/h2d/13505345912862.jpg"
    },
    {
      "store": "Food Basics",
      "name": "Frosted Toasted Oat Cereal with Marshmallows, Lucky ...",
      "price": "$4.98",
      "amount": "526 g",
      "unit": "/ea.",
      "original_price": "$6.99",
      "image_url": "https://product-images.metro.ca/images/hb0/h4b/14307672096798.jpg"
    },
    {
      "store": "Food Basics",
      "name": "Body Wash for Sensitive Skin",
      "price": "$2.99",
      "amount": "650 mL",
      "unit": "N/A",
      "original_price": "N/A",
      "image_url": "https://product-images.metro.ca/images/h76/h79/13947860549662.jpg"
    },
    {
      "store": "Food Basics",
      "name": "Reduced Fat Crescents Dough",
      "price": "$1.99",
      "amount": "227 g",
      "unit": "/ea.",
      "original_price": "$2.49",
      "image_url": "https://product-images.metro.ca/images/h9d/hf8/14307642179614.jpg"
    },
    {
      "store": "Food Basics",
      "name": "Steak and Potato Ready To Serve Soup, Chunky",
      "price": "$3.49",
      "amount": "515 mL",
      "unit": "/ea.",
      "original_price": "$3.99",
      "image_url": "https://product-images.metro.ca/images/haa/h36/10845478912030.jpg"
    },
    {
      "store": "Food Basics",
      "name": "Oregano Leaves, Organic",
      "price": "$2.27",
      "amount": "11 g",
      "unit": "N/A",
      "original_price": "N/A",
      "image_url": "https://product-images.metro.ca/images/h7d/ha3/13653972811806.jpg"
    },
    {
      "store": "Food Basics",
      "name": "European-Style Sausage Sticks, Pepperettes",
      "price": "$7.99",
      "amount": "300 g",
      "unit": "/ea.",
      "original_price": "$10.99",
      "image_url": "https://product-images.metro.ca/images/h88/h7b/13458677366814.jpg"
    },
    {
      "store": "Food Basics",
      "name": "Zero Sugar Orange Flavoured Soft Drink, Crush",
      "price": "$7.48",
      "amount": "12x355 mL",
      "unit": "/ea.",
      "original_price": "$7.99",
      "image_url": "https://product-images.metro.ca/images/h53/he2/14001505992734.jpg"
    },
    {
      "store": "Food Basics",
      "name": "Medium Roast Ground Coffee, 1896 Tradition",
      "price": "$17.99",
      "amount": "930 g",
      "unit": "/ea.",
      "original_price": "$27.99",
      "image_url": "https://product-images.metro.ca/images/h60/h51/9986886828062.jpg"
    },
    {
      "store": "Food Basics",
      "name": "Ultra Thin Extra Heavy Flow Pads",
      "price": "$2.97",
      "amount": "14 each",
      "unit": "N/A",
      "original_price": "N/A",
      "image_url": "https://product-images.metro.ca/images/hae/haf/13936019472414.jpg"
    },
    {
      "store": "Food Basics",
      "name": "Harvest Multigrain Bread, Rustico",
      "price": "$2.98",
      "amount": "550 g",
      "unit": "/ea.",
      "original_price": "$3.99",
      "image_url": "https://product-images.metro.ca/images/h2b/ha8/14441121775646.jpg"
    },
    {
      "store": "Food Basics",
      "name": "Ready to Serve Creamy Tomato Soup",
      "price": "$3.49",
      "amount": "515 mL",
      "unit": "/ea.",
      "original_price": "$3.99",
      "image_url": "https://product-images.metro.ca/images/h7d/he0/13536550649886.jpg"
    },
    {
      "store": "Food Basics",
      "name": "Fresh Scented Dishwasher Detergent Tabs, Complete Ac...",
      "price": "$19.98",
      "amount": "90 each",
      "unit": "/ea.",
      "original_price": "$23.99",
      "image_url": "https://product-images.metro.ca/images/h89/h5f/11665429102622.jpg"
    },
    {
      "store": "Food Basics",
      "name": "Plant-Based Garlic Aioli Mayonnaise Type Dressing",
      "price": "$3.99",
      "amount": "340 mL",
      "unit": "/ea.",
      "original_price": "$5.49",
      "image_url": "https://product-images.metro.ca/images/hc0/hdd/12279839293470.jpg"
    },
    {
      "store": "Food Basics",
      "name": "Black Forest Ham",
      "price": "$6.49",
      "amount": "375 g",
      "unit": "/ea.",
      "original_price": "$7.49",
      "image_url": "https://product-images.metro.ca/images/hec/h86/11669769453598.jpg"
    },
    {
      "store": "Food Basics",
      "name": "Minestrone Soup Mix",
      "price": "$1.99",
      "amount": "1 each",
      "unit": "/ea.",
      "original_price": "$2.49",
      "image_url": "https://product-images.metro.ca/images/h55/hef/12191750389790.jpg"
    },
    {
      "store": "Food Basics",
      "name": "1% Strawberry Banana Drinkable Yogurt, Yop",
      "price": "$0.99",
      "amount": "200 mL",
      "unit": "/ea.",
      "original_price": "$1.29",
      "image_url": "https://product-images.metro.ca/images/hd7/h7f/10845438115870.jpg"
    },
    {
      "store": "Food Basics",
      "name": "3.25% Balkan-Style Vanilla Yogurt",
      "price": "$2.98",
      "amount": "650 g",
      "unit": "/ea.",
      "original_price": "$3.49",
      "image_url": "https://product-images.metro.ca/images/hd3/hfc/14469392203806.jpg"
    },
    {
      "store": "Food Basics",
      "name": "Sour Cream and Onion Chips, Party Stack",
      "price": "$2.99",
      "amount": "203 g",
      "unit": "/ea.",
      "original_price": "$3.49",
      "image_url": "https://product-images.metro.ca/images/hab/h45/10250303864862.jpg"
    },
    {
      "store": "Food Basics",
      "name": "Old Cheddar Shredded Cheese",
      "price": "$5.98",
      "amount": "320 g",
      "unit": "/ea.",
      "original_price": "$7.29",
      "image_url": "https://product-images.metro.ca/images/h53/heb/14321333108766.jpg"
    },
    {
      "store": "Food Basics",
      "name": "Forever Lime Flavoured Carbonated Spring Water",
      "price": "$8.99",
      "amount": "6x1 L",
      "unit": "/ea.",
      "original_price": "$10.99",
      "image_url": "https://product-images.metro.ca/images/h3d/h0b/12816267509790.jpg"
    },
    {
      "store": "Food Basics",
      "name": "Tomato Sauce",
      "price": "$1.97",
      "amount": "680 mL",
      "unit": "N/A",
      "original_price": "N/A",
      "image_url": "https://product-images.metro.ca/images/h72/h34/11521171685406.jpg"
    },
    {
      "store": "Food Basics",
      "name": "White Cheddar and Broccoli Pasta, Sidekicks",
      "price": "$1.99",
      "amount": "143 g",
      "unit": "/ea.",
      "original_price": "$2.19",
      "image_url": "https://product-images.metro.ca/images/hff/h4d/14447072116766.jpg"
    },
    {
      "store": "Food Basics",
      "name": "Apple Sauce, Fruitsations",
      "price": "$2.49",
      "amount": "6x113 g",
      "unit": "/ea.",
      "original_price": "$3.29",
      "image_url": "https://product-images.metro.ca/images/h7f/h99/12656663461918.jpg"
    },
    {
      "store": "Food Basics",
      "name": "Cinnamon Raisin Bagels",
      "price": "$2.98",
      "amount": "6 each - 450 g",
      "unit": "/ea.",
      "original_price": "$3.99",
      "image_url": "https://product-images.metro.ca/images/ha7/h85/14269472243742.jpg"
    },
    {
      "store": "Food Basics",
      "name": "Fruit Punch Flavoured Sport Drink Beverage",
      "price": "$5.99",
      "amount": "6x591 mL",
      "unit": "/ea.",
      "original_price": "$6.99",
      "image_url": "https://product-images.metro.ca/images/h24/hff/12907176001566.jpg"
    },
    {
      "store": "Food Basics",
      "name": "Lean Ground Pork, Value Pack",
      "price": "$9.53",
      "amount": "N/A",
      "unit": "/avg.",
      "original_price": "$10.56",
      "image_url": "https://product-images.metro.ca/images/h76/h5c/14269607444510.jpg"
    },
    {
      "store": "Food Basics",
      "name": "Sharp White Cheddar and Ranch Flavoured Puffed Snack...",
      "price": "$2.99",
      "amount": "155 g",
      "unit": "/ea.",
      "original_price": "$3.99",
      "image_url": "https://product-images.metro.ca/images/h86/h9b/15162057097246.jpg"
    },
    {
      "store": "Food Basics",
      "name": "Frozen Concentrated Lemon Iced Tea Beverage",
      "price": "$1.27",
      "amount": "283 mL",
      "unit": "N/A",
      "original_price": "N/A",
      "image_url": "https://product-images.metro.ca/images/h6a/hb6/11525607817246.jpg"
    },
    {
      "store": "Food Basics",
      "name": "Beef Flavoured Instant Noodle Soup",
      "price": "$0.25",
      "amount": "65 g",
      "unit": "/ea.",
      "original_price": "$0.99",
      "image_url": "https://product-images.metro.ca/images/h1b/h04/13653362966558.jpg"
    },
    {
      "store": "Food Basics",
      "name": "Frozen Wild-Caught Sole Fillets, Naturalia",
      "price": "$8.99",
      "amount": "400 g",
      "unit": "/ea.",
      "original_price": "$9.99",
      "image_url": "https://product-images.metro.ca/images/ha6/h54/14276540694558.jpg"
    },
    {
      "store": "Food Basics",
      "name": "Caramel Corn Flavoured Brown Rice Cakes, Crispy Minis",
      "price": "$2.49",
      "amount": "186 g",
      "unit": "/ea.",
      "original_price": "$3.49",
      "image_url": "https://product-images.metro.ca/images/h1d/h83/14020697391134.jpg"
    },
    {
      "store": "Food Basics",
      "name": "Intensive Repair Shampoo Hair Care",
      "price": "$6.49",
      "amount": "355 ml",
      "unit": "/ea.",
      "original_price": "$7.49",
      "image_url": "https://product-images.metro.ca/images/h0e/h7f/14476836798494.jpg"
    },
    {
      "store": "Food Basics",
      "name": "Lemonade Liquid Drink Mix",
      "price": "$2.99",
      "amount": "48 mL",
      "unit": "/ea.",
      "original_price": "$3.39",
      "image_url": "https://product-images.metro.ca/images/h18/hc9/14038663036958.jpg"
    },
    {
      "store": "Food Basics",
      "name": "Original Cereal, Shreddies",
      "price": "$3.49",
      "amount": "440 g",
      "unit": "/ea.",
      "original_price": "$4.99",
      "image_url": "https://product-images.metro.ca/images/h4f/h94/12879218212894.jpg"
    },
    {
      "store": "Food Basics",
      "name": "Size 6 Baby Diapers, Snug&Dry",
      "price": "$38.99",
      "amount": "112 each",
      "unit": "/ea.",
      "original_price": "$41.99",
      "image_url": "https://product-images.metro.ca/images/h6d/h60/14415140487198.jpg"
    },
    {
      "store": "Food Basics",
      "name": "Chicken Noodle Soup Mix",
      "price": "$1.99",
      "amount": "2 each",
      "unit": "/ea.",
      "original_price": "$2.49",
      "image_url": "https://product-images.metro.ca/images/hf3/hcc/11857607622686.jpg"
    },
    {
      "store": "Food Basics",
      "name": "Light Cheddar-Style Processed Cheese Slices",
      "price": "$3.88",
      "amount": "410 g",
      "unit": "/ea.",
      "original_price": "$4.19",
      "image_url": "https://product-images.metro.ca/images/hc8/h69/15047188709406.jpg"
    },
    {
      "store": "Food Basics",
      "name": "Medium Roast Ground Coffee, 1896 Tradition",
      "price": "$17.99",
      "amount": "930 g",
      "unit": "/ea.",
      "original_price": "$27.99",
      "image_url": "https://product-images.metro.ca/images/h60/h51/9986886828062.jpg"
    },
    {
      "store": "Food Basics",
      "name": "Rich and Full bodied Roast Ground Coffee",
      "price": "$17.99",
      "amount": "900 g",
      "unit": "/ea.",
      "original_price": "$20.99",
      "image_url": "https://product-images.metro.ca/images/h40/h70/14363354791966.jpg"
    },
    {
      "store": "Food Basics",
      "name": "Baked Apple Soft Cookies, Bear Paws",
      "price": "$2.99",
      "amount": "240 g",
      "unit": "/ea.",
      "original_price": "$3.99",
      "image_url": "https://product-images.metro.ca/images/hf2/h6b/12931613655070.jpg"
    },
    {
      "store": "Food Basics",
      "name": "Crisp linen® disinfectant spray",
      "price": "$5.49",
      "amount": "350 g",
      "unit": "/ea.",
      "original_price": "$6.99",
      "image_url": "https://product-images.metro.ca/images/ha6/h64/14950607093790.jpg"
    },
    {
      "store": "Food Basics",
      "name": "Frozen Summer Sweet Peas",
      "price": "$3.79",
      "amount": "750 g",
      "unit": "/ea.",
      "original_price": "$3.99",
      "image_url": "https://product-images.metro.ca/images/h87/h75/9138557845534.jpg"
    },
    {
      "store": "Food Basics",
      "name": "Pepperoni Sticks, Pepperettes",
      "price": "$7.99",
      "amount": "300 g",
      "unit": "/ea.",
      "original_price": "$10.99",
      "image_url": "https://product-images.metro.ca/images/h85/h07/13458700206110.jpg"
    },
    {
      "store": "Food Basics",
      "name": "Unscented Baby Wipes, Simply Clean",
      "price": "$18.99",
      "amount": "11 x 64 eachits",
      "unit": "/ea.",
      "original_price": "$22.99",
      "image_url": "https://product-images.metro.ca/images/hf5/h06/15027778289694.jpg"
    },
    {
      "store": "Food Basics",
      "name": "Grey Squash Zucchini",
      "price": "$1.01",
      "amount": "N/A",
      "unit": "/avg.",
      "original_price": "$5.47",
      "image_url": "https://product-images.metro.ca/images/h54/hcb/9189712101406.jpg"
    },
    {
      "store": "Food Basics",
      "name": "1% Chocolate Milk",
      "price": "$1.88",
      "amount": "1 L",
      "unit": "/ea.",
      "original_price": "$2.99",
      "image_url": "https://product-images.metro.ca/images/ha0/h17/14964260012062.jpg"
    },
    {
      "store": "Food Basics",
      "name": "Cooked Roast Beef",
      "price": "$7.99",
      "amount": "2x125 g",
      "unit": "/ea.",
      "original_price": "$9.99",
      "image_url": "https://product-images.metro.ca/images/hd0/hc5/11669773549598.jpg"
    },
    {
      "store": "Food Basics",
      "name": "Original Wieners, Juicy Jumbos",
      "price": "$6.99",
      "amount": "450 g",
      "unit": "/ea.",
      "original_price": "$8.99",
      "image_url": "https://product-images.metro.ca/images/hca/hbf/13458618843166.jpg"
    },
    {
      "store": "Food Basics",
      "name": "Extra Lean Ground Chicken",
      "price": "$5.99",
      "amount": "450 g",
      "unit": "/ea.",
      "original_price": "$6.99",
      "image_url": "https://product-images.metro.ca/images/h6b/hfb/13147381399582.jpg"
    },
    {
      "store": "Food Basics",
      "name": "Hot Pepperoni Sausage Sticks, Pepperettes",
      "price": "$7.99",
      "amount": "375 g",
      "unit": "/ea.",
      "original_price": "$10.99",
      "image_url": "https://product-images.metro.ca/images/ha0/hdb/14414638710814.jpg"
    },
    {
      "store": "Food Basics",
      "name": "Cream Soda Flavoured Soft Drink",
      "price": "$7.48",
      "amount": "12x355 mL",
      "unit": "/ea.",
      "original_price": "$7.99",
      "image_url": "https://product-images.metro.ca/images/h0e/hc8/10882743631902.jpg"
    },
    {
      "store": "Food Basics",
      "name": "Mild Italian Sausages, Value Pack",
      "price": "$8.61",
      "amount": "N/A",
      "unit": "/avg.",
      "original_price": "$10.56",
      "image_url": "https://product-images.metro.ca/images/h35/h88/11769193234462.jpg"
    },
    {
      "store": "Food Basics",
      "name": "1% Vanilla Drinkable Yogurt, Yop",
      "price": "$0.99",
      "amount": "200 mL",
      "unit": "/ea.",
      "original_price": "$1.29",
      "image_url": "https://product-images.metro.ca/images/hdc/he7/14307727769630.jpg"
    },
    {
      "store": "Food Basics",
      "name": "Smoked brown sugar ham",
      "price": "$10.99",
      "amount": "700 g",
      "unit": "/ea.",
      "original_price": "$16.99",
      "image_url": "https://product-images.metro.ca/images/h52/hf1/11590713737246.jpg"
    },
    {
      "store": "Food Basics",
      "name": "Paneer Cheese",
      "price": "$3.88",
      "amount": "300 g",
      "unit": "/ea.",
      "original_price": "$5.99",
      "image_url": "https://product-images.metro.ca/images/hba/h34/14391543201822.jpg"
    },
    {
      "store": "Food Basics",
      "name": "Alfredo Pasta Sauce, Di Roma",
      "price": "$3.49",
      "amount": "410 mL",
      "unit": "/ea.",
      "original_price": "$4.49",
      "image_url": "https://product-images.metro.ca/images/h1f/h2f/14547443875870.jpg"
    },
    {
      "store": "Food Basics",
      "name": "White Cakes with Caramel, Ah Caramel!",
      "price": "$3.49",
      "amount": "12 each - 336 g",
      "unit": "/ea.",
      "original_price": "$4.99",
      "image_url": "https://product-images.metro.ca/images/hd6/h4e/13384397848606.jpg"
    },
    {
      "store": "Food Basics",
      "name": "Pub Style Breaded Turkey Cutlettes Strips",
      "price": "$5.88",
      "amount": "600 g",
      "unit": "/ea.",
      "original_price": "$8.99",
      "image_url": "https://product-images.metro.ca/images/h0f/h61/12175129804830.jpg"
    },
    {
      "store": "Food Basics",
      "name": "2-in-1 Hair and Body Wash, High Endurance",
      "price": "$6.99",
      "amount": "532 mL",
      "unit": "/ea.",
      "original_price": "$9.79",
      "image_url": "https://product-images.metro.ca/images/h3d/h5e/14923927322654.jpg"
    },
    {
      "store": "Food Basics",
      "name": "Sriracha Flavoured Vegetable Chips",
      "price": "$2.49",
      "amount": "142 g",
      "unit": "N/A",
      "original_price": "N/A",
      "image_url": "https://product-images.metro.ca/images/hb8/hd4/9757695442974.jpg"
    },
    {
      "store": "Food Basics",
      "name": "Grape Drink Mix",
      "price": "$2.99",
      "amount": "48 mL",
      "unit": "/ea.",
      "original_price": "$3.39",
      "image_url": "https://product-images.metro.ca/images/hdc/he6/14038635151390.jpg"
    },
    {
      "store": "Food Basics",
      "name": "Apple Crisp Flavoured Protein Cereals, Oatmeal Crisp",
      "price": "$4.98",
      "amount": "455 g",
      "unit": "/ea.",
      "original_price": "$6.99",
      "image_url": "https://product-images.metro.ca/images/hcd/hde/15139609018398.jpg"
    },
    {
      "store": "Food Basics",
      "name": "Berry Burst Flavoured Liquid Water Enhancer, Sport",
      "price": "$2.99",
      "amount": "48 mL",
      "unit": "/ea.",
      "original_price": "$3.39",
      "image_url": "https://product-images.metro.ca/images/h47/h08/14547407339550.jpg"
    },
    {
      "store": "Food Basics",
      "name": "Tomato Ketchup",
      "price": "$4.99",
      "amount": "750 mL",
      "unit": "/ea.",
      "original_price": "$5.79",
      "image_url": "https://product-images.metro.ca/images/h14/h21/14977834614814.jpg"
    },
    {
      "store": "Food Basics",
      "name": "Puffs Cereal, Oreo",
      "price": "$3.49",
      "amount": "283 g",
      "unit": "/ea.",
      "original_price": "$4.99",
      "image_url": "https://product-images.metro.ca/images/h9c/hb5/14371855925278.jpg"
    },
    {
      "store": "Food Basics",
      "name": "Whole Wheat Thin-Sliced Bread",
      "price": "$3.49",
      "amount": "675 g",
      "unit": "N/A",
      "original_price": "N/A",
      "image_url": "https://product-images.metro.ca/images/h00/h1b/13384522956830.jpg"
    },
    {
      "store": "Food Basics",
      "name": "Organic Ground Turmeric, Organic",
      "price": "$2.27",
      "amount": "39 g",
      "unit": "N/A",
      "original_price": "N/A",
      "image_url": "https://product-images.metro.ca/images/hd3/h7e/13653856026654.jpg"
    },
    {
      "store": "Food Basics",
      "name": "Berry & Pomegranate Flavoured Liquid Water Enhancer",
      "price": "$2.99",
      "amount": "48 mL",
      "unit": "/ea.",
      "original_price": "$3.39",
      "image_url": "https://product-images.metro.ca/images/hcd/h91/13285783765022.jpg"
    },
    {
      "store": "Food Basics",
      "name": "Cherry, Orange and Grape Flavoured Icy Pop",
      "price": "$5.00",
      "amount": "24x75 mL",
      "unit": "N/A",
      "original_price": "N/A",
      "image_url": "https://product-images.metro.ca/images/hb1/hff/9693794730014.jpg"
    },
    {
      "store": "Food Basics",
      "name": "Frozen Turkey Nuggets",
      "price": "$5.88",
      "amount": "600 g",
      "unit": "/ea.",
      "original_price": "$8.99",
      "image_url": "https://product-images.metro.ca/images/he1/hcb/10406101516318.jpg"
    },
    {
      "store": "Food Basics",
      "name": "Overnight Sanitary Napkins, Radiant",
      "price": "$10.99",
      "amount": "18 each",
      "unit": "/ea.",
      "original_price": "$12.99",
      "image_url": "https://product-images.metro.ca/images/h4c/hb6/12738917761054.jpg"
    },
    {
      "store": "Food Basics",
      "name": "Summer Fresh Scented Fabric Softener Sheets",
      "price": "$3.99",
      "amount": "80 sheets",
      "unit": "N/A",
      "original_price": "N/A",
      "image_url": "https://product-images.metro.ca/images/hd5/had/14566056493086.jpg"
    },
    {
      "store": "Food Basics",
      "name": "Dill Pickle and Ranch Flavoured Puffed Snacks, Mingles",
      "price": "$2.99",
      "amount": "155 g",
      "unit": "/ea.",
      "original_price": "$3.99",
      "image_url": "https://product-images.metro.ca/images/h63/ha4/15162055458846.jpg"
    },
    {
      "store": "Food Basics",
      "name": "Unsweetened Vanilla Coconut-Based Yogurt",
      "price": "$3.88",
      "amount": "650 g",
      "unit": "/ea.",
      "original_price": "$5.99",
      "image_url": "https://product-images.metro.ca/images/h4a/h87/12562418171934.jpg"
    },
    {
      "store": "Food Basics",
      "name": "Frozen Vanilla Macaron, The Creamiest",
      "price": "$4.88",
      "amount": "3x90 mL",
      "unit": "N/A",
      "original_price": "N/A",
      "image_url": "https://product-images.metro.ca/images/h5a/had/14056532508702.jpg"
    },
    {
      "store": "Food Basics",
      "name": "Frozen Pepperoni Pizza",
      "price": "$9.97",
      "amount": "1.08 kg",
      "unit": "N/A",
      "original_price": "N/A",
      "image_url": "https://product-images.metro.ca/images/h7d/h68/13384447983646.jpg"
    },
    {
      "store": "Food Basics",
      "name": "Sesame Buns",
      "price": "$3.99",
      "amount": "296 g",
      "unit": "/ea.",
      "original_price": "$4.49",
      "image_url": "https://product-images.metro.ca/images/h3b/h72/15214858108958.jpg"
    },
    {
      "store": "Food Basics",
      "name": "Peanut Butter Flavoured Ice Cream",
      "price": "$5.88",
      "amount": "1.5 L",
      "unit": "/ea.",
      "original_price": "$7.99",
      "image_url": "https://product-images.metro.ca/images/h83/h9a/13511857930270.jpg"
    },
    {
      "store": "Food Basics",
      "name": "Garden Herb Toasted Snack Bread, Baguettes",
      "price": "$2.79",
      "amount": "120 g",
      "unit": "/ea.",
      "original_price": "$3.79",
      "image_url": "https://product-images.metro.ca/images/hc9/ha3/9985478656030.jpg"
    },
    {
      "store": "Food Basics",
      "name": "Peanut Butter Flavoured Ice Cream",
      "price": "$5.88",
      "amount": "1.5 L",
      "unit": "/ea.",
      "original_price": "$7.99",
      "image_url": "https://product-images.metro.ca/images/h83/h9a/13511857930270.jpg"
    },
    {
      "store": "Food Basics",
      "name": "Romaine Hearts",
      "price": "$3.98",
      "amount": "3 each",
      "unit": "/ea.",
      "original_price": "$4.98",
      "image_url": "https://product-images.metro.ca/images/hf9/h07/15097106923550.jpg"
    },
    {
      "store": "Food Basics",
      "name": "Frozen Chicken Teriyaki, Gourmet Steamers",
      "price": "$3.88",
      "amount": "283 g",
      "unit": "/ea.",
      "original_price": "$5.49",
      "image_url": "https://product-images.metro.ca/images/h75/h79/9927697956894.jpg"
    },
    {
      "store": "Food Basics",
      "name": "Men Extra Fresh Face Body Wash",
      "price": "$2.99",
      "amount": "400 mL",
      "unit": "N/A",
      "original_price": "N/A",
      "image_url": "https://product-images.metro.ca/images/had/hea/13948162768926.jpg"
    },
    {
      "store": "Food Basics",
      "name": "Peach Flavoured Sour Gummies, Fuzzy Peach",
      "price": "$2.79",
      "amount": "154 g",
      "unit": "/ea.",
      "original_price": "$2.99",
      "image_url": "https://product-images.metro.ca/images/hef/h4f/14056487125022.jpg"
    },
    {
      "store": "Food Basics",
      "name": "Citrus Scented Disinfecting Wipe",
      "price": "$5.49",
      "amount": "75 each",
      "unit": "/ea.",
      "original_price": "$6.99",
      "image_url": "https://product-images.metro.ca/images/h93/ha0/10486713647134.jpg"
    },
    {
      "store": "Food Basics",
      "name": "Cola Flavoured Diet Soft Drink",
      "price": "$7.48",
      "amount": "12x355 mL",
      "unit": "/ea.",
      "original_price": "$7.99",
      "image_url": "https://product-images.metro.ca/images/h32/ha7/12354384330782.jpg"
    },
    {
      "store": "Food Basics",
      "name": "Frozen Cheesy Loaded Potatoes with Angus Beef and Bacon",
      "price": "$3.88",
      "amount": "284 g",
      "unit": "/ea.",
      "original_price": "$5.29",
      "image_url": "https://product-images.metro.ca/images/h78/h99/15110989709342.jpg"
    },
    {
      "store": "Food Basics",
      "name": "Garden Vegetable Minestrone Soup",
      "price": "$3.49",
      "amount": "515 mL",
      "unit": "/ea.",
      "original_price": "$3.99",
      "image_url": "https://product-images.metro.ca/images/h37/h3c/14247470301214.jpg"
    },
    {
      "store": "Food Basics",
      "name": "Regular Flow Ultra Thin Sanitary Pads",
      "price": "$2.97",
      "amount": "22 each",
      "unit": "N/A",
      "original_price": "N/A",
      "image_url": "https://product-images.metro.ca/images/he0/h86/13936017080350.jpg"
    },
    {
      "store": "Food Basics",
      "name": "Banana Split Flavoured Ice Cream",
      "price": "$4.88",
      "amount": "1.5 L",
      "unit": "N/A",
      "original_price": "N/A",
      "image_url": "https://product-images.metro.ca/images/h34/h10/14056597618718.jpg"
    },
    {
      "store": "Food Basics",
      "name": "Overnight Pads, Size 4, Maxi",
      "price": "$10.99",
      "amount": "26 each",
      "unit": "/ea.",
      "original_price": "$12.99",
      "image_url": "https://product-images.metro.ca/images/h6f/h55/14924758089758.jpg"
    },
    {
      "store": "Food Basics",
      "name": "Frozen Bacon and Egg Scramble with Cheddar Cheese, A...",
      "price": "$3.88",
      "amount": "200 g",
      "unit": "/ea.",
      "original_price": "$5.29",
      "image_url": "https://product-images.metro.ca/images/h55/hf7/11412607696926.jpg"
    },
    {
      "store": "Food Basics",
      "name": "Training Pants for Girls Size 5, Pull-Ups",
      "price": "$29.99",
      "amount": "66 each",
      "unit": "/ea.",
      "original_price": "$32.99",
      "image_url": "https://product-images.metro.ca/images/h1c/h36/15027749978142.jpg"
    },
    {
      "store": "Food Basics",
      "name": "2.9% Vanilla and Blueberry Flavoured Probiotic Yogurt",
      "price": "$5.98",
      "amount": "12x100 g",
      "unit": "/ea.",
      "original_price": "$6.99",
      "image_url": "https://product-images.metro.ca/images/hed/h62/14414602633246.jpg"
    },
    {
      "store": "Food Basics",
      "name": "Spicy Korean-Style BBQ Pasta Cup",
      "price": "$1.99",
      "amount": "73 g",
      "unit": "/ea.",
      "original_price": "$3.99",
      "image_url": "https://product-images.metro.ca/images/h48/hc9/13282831007774.jpg"
    },
    {
      "store": "Food Basics",
      "name": "Frozen Skinless Boneless Haddock Fillet",
      "price": "$6.99",
      "amount": "800 g",
      "unit": "/ea.",
      "original_price": "$7.99",
      "image_url": "https://product-images.metro.ca/images/he4/h52/14276642504734.jpg"
    },
    {
      "store": "Food Basics",
      "name": "Smoky Jerk Chicken on Rice with Pineapple",
      "price": "$3.88",
      "amount": "300 g",
      "unit": "/ea.",
      "original_price": "$5.29",
      "image_url": "https://product-images.metro.ca/images/hc8/h5a/15111339442206.jpg"
    },
    {
      "store": "Food Basics",
      "name": "Halal Chicken Leg",
      "price": "$6.21",
      "amount": "N/A",
      "unit": "/avg.",
      "original_price": "$9.90",
      "image_url": "/images/shared/small/icons/cart-check.svg?v=2025.4.fb.d11"
    },
    {
      "store": "Food Basics",
      "name": "Blueberry Flavoured 1% Drinkable Yogurt, Yop",
      "price": "$0.99",
      "amount": "200 mL",
      "unit": "/ea.",
      "original_price": "$1.29",
      "image_url": "https://product-images.metro.ca/images/h0d/h62/14307727278110.jpg"
    },
    {
      "store": "Food Basics",
      "name": "Frozen Grilled Balsamic Chicken, Gourmet Steamers",
      "price": "$3.88",
      "amount": "284 g",
      "unit": "/ea.",
      "original_price": "$5.49",
      "image_url": "https://product-images.metro.ca/images/h86/h67/14924125863966.jpg"
    },
    {
      "store": "Food Basics",
      "name": "Chocolate Brownie Ice Cream Bars",
      "price": "$4.88",
      "amount": "4x88 mL",
      "unit": "N/A",
      "original_price": "N/A",
      "image_url": "https://product-images.metro.ca/images/hba/h4b/14950804652062.jpg"
    },
    {
      "store": "Food Basics",
      "name": "Cocoa Crunch Flavoured Brown Rice Chips, Crispy Minis",
      "price": "$2.49",
      "amount": "90 g",
      "unit": "/ea.",
      "original_price": "$3.49",
      "image_url": "https://product-images.metro.ca/images/h43/h02/14020866572318.jpg"
    },
    {
      "store": "Food Basics",
      "name": "Spaghetti",
      "price": "$1.97",
      "amount": "900 g",
      "unit": "N/A",
      "original_price": "N/A",
      "image_url": "https://product-images.metro.ca/images/h52/hf2/14645790343198.jpg"
    },
    {
      "store": "Food Basics",
      "name": "Lemon-Lime Flavoured Soft Drink",
      "price": "$7.48",
      "amount": "12x355 mL",
      "unit": "/ea.",
      "original_price": "$8.49",
      "image_url": "https://product-images.metro.ca/images/hfd/ha5/15214726643742.jpg"
    },
    {
      "store": "Food Basics",
      "name": "Smoked Turkey Breast",
      "price": "$8.99",
      "amount": "2x175 g",
      "unit": "/ea.",
      "original_price": "$9.99",
      "image_url": "https://product-images.metro.ca/images/h8d/h81/11669754544158.jpg"
    },
    {
      "store": "Food Basics",
      "name": "Fresh Citrus Scented Liquid Dish Soap, Eco",
      "price": "$1.97",
      "amount": "650 mL",
      "unit": "N/A",
      "original_price": "N/A",
      "image_url": "https://product-images.metro.ca/images/h80/hc6/9767842971678.jpg"
    },
    {
      "store": "Food Basics",
      "name": "Piña Colada Mix",
      "price": "$3.99",
      "amount": "1 L",
      "unit": "/ea.",
      "original_price": "$4.99",
      "image_url": "https://product-images.metro.ca/images/hdd/h98/9985447854110.jpg"
    },
    {
      "store": "Food Basics",
      "name": "Chicken and Broccoli Pasta, Sidekicks",
      "price": "$1.99",
      "amount": "126 g",
      "unit": "/ea.",
      "original_price": "$2.19",
      "image_url": "https://product-images.metro.ca/images/h93/hfb/14447068708894.jpg"
    },
    {
      "store": "Food Basics",
      "name": "12 Grain Bagels",
      "price": "$2.98",
      "amount": "6 each - 450 g",
      "unit": "/ea.",
      "original_price": "$3.99",
      "image_url": "https://product-images.metro.ca/images/he6/h92/14414626455582.jpg"
    },
    {
      "store": "Food Basics",
      "name": "Natural Smooth Peanut Butter, Only Peanuts",
      "price": "$4.98",
      "amount": "750 g",
      "unit": "/ea.",
      "original_price": "$6.99",
      "image_url": "https://product-images.metro.ca/images/h00/h49/11761504419870.jpg"
    },
    {
      "store": "Food Basics",
      "name": "Everything Flavoured Brown Rice Cakes, Crispy Minis",
      "price": "$2.49",
      "amount": "168 g",
      "unit": "/ea.",
      "original_price": "$3.49",
      "image_url": "https://product-images.metro.ca/images/h83/h40/15067424161822.jpg"
    },
    {
      "store": "Food Basics",
      "name": "Applewood Smoked Ham",
      "price": "$10.99",
      "amount": "700 g",
      "unit": "/ea.",
      "original_price": "$16.99",
      "image_url": "https://product-images.metro.ca/images/h0d/h46/13458652004382.jpg"
    },
    {
      "store": "Food Basics",
      "name": "Strawberry and Dragon Fruit Flavoured Refreshing Bev...",
      "price": "$2.99",
      "amount": "1.89 L",
      "unit": "/ea.",
      "original_price": "$3.49",
      "image_url": "https://product-images.metro.ca/images/h16/hb2/14889289416734.jpg"
    },
    {
      "store": "Food Basics",
      "name": "Fruit Punch Flavoured Liquid Water Enhancer",
      "price": "$2.99",
      "amount": "48 mL",
      "unit": "/ea.",
      "original_price": "$3.39",
      "image_url": "https://product-images.metro.ca/images/ha9/ha7/14038633480222.jpg"
    },
    {
      "store": "Food Basics",
      "name": "Unscented Size 4 Overnight Pads",
      "price": "$10.99",
      "amount": "26 each",
      "unit": "/ea.",
      "original_price": "$12.99",
      "image_url": "https://product-images.metro.ca/images/h66/h17/14567196131358.jpg"
    },
    {
      "store": "Food Basics",
      "name": "All-Purpose Flour",
      "price": "$3.77",
      "amount": "2.5 kg",
      "unit": "N/A",
      "original_price": "N/A",
      "image_url": "https://product-images.metro.ca/images/h2e/h6d/9906394890270.jpg"
    },
    {
      "store": "Food Basics",
      "name": "Neapolitan Ice Milk",
      "price": "$6.49",
      "amount": "4 L",
      "unit": "N/A",
      "original_price": "N/A",
      "image_url": "https://product-images.metro.ca/images/hfb/he0/14540954566686.jpg"
    },
    {
      "store": "Food Basics",
      "name": "Zero Sugar Ginger Ale",
      "price": "$7.48",
      "amount": "12x355 mL",
      "unit": "/ea.",
      "original_price": "$8.49",
      "image_url": "https://product-images.metro.ca/images/h13/h36/12175595601950.jpg"
    },
    {
      "store": "Food Basics",
      "name": "Balsamic Vinaigrette",
      "price": "$2.99",
      "amount": "425 mL",
      "unit": "/ea.",
      "original_price": "$3.79",
      "image_url": "https://product-images.metro.ca/images/hb0/h74/15139536699422.jpg"
    },
    {
      "store": "Food Basics",
      "name": "Almond and Oat Base Non-Dairy Caramel Macchiato Flav...",
      "price": "$6.99",
      "amount": "828 mL",
      "unit": "/ea.",
      "original_price": "$8.49",
      "image_url": "https://product-images.metro.ca/images/h61/heb/15025563172894.jpg"
    },
    {
      "store": "Food Basics",
      "name": "Sesame Melba Toast",
      "price": "$2.79",
      "amount": "200 g",
      "unit": "/ea.",
      "original_price": "$3.79",
      "image_url": "https://product-images.metro.ca/images/hca/h0b/9668702371870.jpg"
    },
    {
      "store": "Food Basics",
      "name": "2.9% Strawberry and Vanilla Flavoured Probiotic Yogurt",
      "price": "$3.88",
      "amount": "8x100 g",
      "unit": "/ea.",
      "original_price": "$4.99",
      "image_url": "https://product-images.metro.ca/images/h28/h7f/14547422085150.jpg"
    },
    {
      "store": "Food Basics",
      "name": "Bacon and Cheddar Wieners",
      "price": "$6.99",
      "amount": "375 g",
      "unit": "/ea.",
      "original_price": "$8.99",
      "image_url": "https://product-images.metro.ca/images/h08/h25/14927316746270.jpg"
    },
    {
      "store": "Food Basics",
      "name": "Greek Dressing with Feta and Oregano, Calorie-Wise",
      "price": "$2.99",
      "amount": "425 mL",
      "unit": "/ea.",
      "original_price": "$3.79",
      "image_url": "https://product-images.metro.ca/images/hb4/h91/15139538436126.jpg"
    },
    {
      "store": "Food Basics",
      "name": "Organic Ground Cayenne Pepper Bag, Organic",
      "price": "$2.27",
      "amount": "23 g",
      "unit": "N/A",
      "original_price": "N/A",
      "image_url": "https://product-images.metro.ca/images/hfd/h92/12084396589086.jpg"
    },
    {
      "store": "Food Basics",
      "name": "Extra Lean Ground Chicken",
      "price": "$5.99",
      "amount": "450 g",
      "unit": "/ea.",
      "original_price": "$6.99",
      "image_url": "https://product-images.metro.ca/images/h87/ha3/14269531127838.jpg"
    },
    {
      "store": "Food Basics",
      "name": "Pure Sport Scented Body Wash, High Endurance",
      "price": "$6.99",
      "amount": "532 mL",
      "unit": "/ea.",
      "original_price": "$9.79",
      "image_url": "https://product-images.metro.ca/images/h15/h4a/14950518194206.jpg"
    },
    {
      "store": "Food Basics",
      "name": "Cherry, Lime and Grape Flavoured Ice Pops, Turbo Pops",
      "price": "$5.00",
      "amount": "12x50 mL",
      "unit": "N/A",
      "original_price": "N/A",
      "image_url": "https://product-images.metro.ca/images/h6f/hab/11521646297118.jpg"
    },
    {
      "store": "Food Basics",
      "name": "Frozen Honey Glazed Turkey and Potatoes, Steamers",
      "price": "$3.88",
      "amount": "269 g",
      "unit": "/ea.",
      "original_price": "$5.49",
      "image_url": "https://product-images.metro.ca/images/hef/h32/13870946451486.jpg"
    },
    {
      "store": "Food Basics",
      "name": "Artisan Blueberry Scones",
      "price": "$4.99",
      "amount": "4 each - 300 g",
      "unit": "/ea.",
      "original_price": "$5.99",
      "image_url": "https://product-images.metro.ca/images/h12/h3c/9136836608030.jpg"
    },
    {
      "store": "Food Basics",
      "name": "Peanut Butter and Chocolatey Cereal Value Pack, Rees...",
      "price": "$4.98",
      "amount": "601 g",
      "unit": "/ea.",
      "original_price": "$6.99",
      "image_url": "https://product-images.metro.ca/images/h6a/h78/14307684483102.jpg"
    },
    {
      "store": "Food Basics",
      "name": "Frozen Creamy Cheddar Flavoured Macaroni and Cheese,...",
      "price": "$3.88",
      "amount": "340 g",
      "unit": "/ea.",
      "original_price": "$5.29",
      "image_url": "https://product-images.metro.ca/images/h91/h5f/12175807217694.jpg"
    },
    {
      "store": "Food Basics",
      "name": "Romaine Lettuce Hearts",
      "price": "$3.98",
      "amount": "3 eachits per package",
      "unit": "/ea.",
      "original_price": "$4.98",
      "image_url": "https://product-images.metro.ca/images/h24/h02/12942053736478.jpg"
    },
    {
      "store": "Food Basics",
      "name": "BBQ Chips, Party Stack",
      "price": "$2.99",
      "amount": "203 g",
      "unit": "/ea.",
      "original_price": "$3.49",
      "image_url": "https://product-images.metro.ca/images/hee/h37/10250304618526.jpg"
    },
    {
      "store": "Food Basics",
      "name": "Ketchup Flavoured Brown Rice Chips, Crispy Minis",
      "price": "$2.49",
      "amount": "100 g",
      "unit": "/ea.",
      "original_price": "$3.49",
      "image_url": "https://product-images.metro.ca/images/h17/h7d/10886217433118.jpg"
    },
    {
      "store": "Food Basics",
      "name": "Portobello Mushroom Pasta Sauce",
      "price": "$3.49",
      "amount": "600 mL",
      "unit": "/ea.",
      "original_price": "$4.49",
      "image_url": "https://product-images.metro.ca/images/hb9/h88/14547666337822.jpg"
    },
    {
      "store": "Food Basics",
      "name": "Strawberry Flavoured Soft Drink, Fanta",
      "price": "$7.48",
      "amount": "12x355 mL",
      "unit": "/ea.",
      "original_price": "$8.49",
      "image_url": "https://product-images.metro.ca/images/ha9/h82/14337150582814.jpg"
    },
    {
      "store": "Food Basics",
      "name": "Aged Cheddar Toasted Snack Bread, Baguettes",
      "price": "$2.79",
      "amount": "120 g",
      "unit": "/ea.",
      "original_price": "$3.79",
      "image_url": "https://product-images.metro.ca/images/h45/hf1/9985481179166.jpg"
    },
    {
      "store": "Food Basics",
      "name": "Frozen Chicken Fries",
      "price": "$5.88",
      "amount": "700 g",
      "unit": "/ea.",
      "original_price": "$8.99",
      "image_url": "https://product-images.metro.ca/images/hea/h86/10254224392222.jpg"
    },
    {
      "store": "Food Basics",
      "name": "Natural Crunchy Peanut Butter, Only Peanuts",
      "price": "$4.98",
      "amount": "750 g",
      "unit": "/ea.",
      "original_price": "$6.99",
      "image_url": "https://product-images.metro.ca/images/hf4/h3f/11761500061726.jpg"
    },
    {
      "store": "Food Basics",
      "name": "Chocolate Coated Vanilla Ice Cream Bars, Value Pack,...",
      "price": "$9.88",
      "amount": "10x72 mL",
      "unit": "N/A",
      "original_price": "N/A",
      "image_url": "https://product-images.metro.ca/images/hd8/h29/14056627535902.jpg"
    },
    {
      "store": "Food Basics",
      "name": "Lemon and lime Flavoured Soft Drink",
      "price": "$7.48",
      "amount": "15x355 mL",
      "unit": "/ea.",
      "original_price": "$7.99",
      "image_url": "https://product-images.metro.ca/images/hb6/h29/11994759069726.jpg"
    },
    {
      "store": "Food Basics",
      "name": "Cauliflower",
      "price": "$2.98",
      "amount": "Sold individually",
      "unit": "/ea.",
      "original_price": "$3.98",
      "image_url": "https://product-images.metro.ca/images/hc0/hc0/15139391045662.jpg"
    },
    {
      "store": "Food Basics",
      "name": "Cucumber & Moisture Shampoo Hair Care",
      "price": "$6.49",
      "amount": "355 ml",
      "unit": "/ea.",
      "original_price": "$7.49",
      "image_url": "https://product-images.metro.ca/images/he2/h46/14307799957534.jpg"
    },
    {
      "store": "Food Basics",
      "name": "Gluten Free Barese Pork Sausage",
      "price": "$6.99",
      "amount": "375 g",
      "unit": "/ea.",
      "original_price": "$7.99",
      "image_url": "https://product-images.metro.ca/images/he9/h73/14336999129118.jpg"
    },
    {
      "store": "Food Basics",
      "name": "Organic Ground Black Pepper, Organic",
      "price": "$2.27",
      "amount": "28 g",
      "unit": "N/A",
      "original_price": "N/A",
      "image_url": "https://product-images.metro.ca/images/h23/hd0/13653851963422.jpg"
    },
    {
      "store": "Food Basics",
      "name": "Oats 'N Honey Crunch Cereal, Cheerios",
      "price": "$4.98",
      "amount": "516 g",
      "unit": "/ea.",
      "original_price": "$6.99",
      "image_url": "https://product-images.metro.ca/images/ha8/h19/14336880082974.jpg"
    },
    {
      "store": "Food Basics",
      "name": "Brown Basmati Rice",
      "price": "$9.88",
      "amount": "4.54 kg",
      "unit": "/ea.",
      "original_price": "$10.99",
      "image_url": "https://product-images.metro.ca/images/h38/hea/14580657750046.jpg"
    },
    {
      "store": "Food Basics",
      "name": "Cola Flavoured Soft Drink, Zero Sugar",
      "price": "$7.48",
      "amount": "12x355 mL",
      "unit": "/ea.",
      "original_price": "$7.99",
      "image_url": "https://product-images.metro.ca/images/hc5/haf/12436211662878.jpg"
    },
    {
      "store": "Food Basics",
      "name": "Raspberries",
      "price": "$3.98",
      "amount": "170 g",
      "unit": "/ea.",
      "original_price": "$4.98",
      "image_url": "https://product-images.metro.ca/images/h6a/ha6/10406084902942.jpg"
    },
    {
      "store": "Food Basics",
      "name": "1% Cotton Candy Flavoured Drinkable Yogurt, Yop",
      "price": "$0.99",
      "amount": "200 mL",
      "unit": "/ea.",
      "original_price": "$1.29",
      "image_url": "https://product-images.metro.ca/images/h6c/ha0/12931811803166.jpg"
    },
    {
      "store": "Food Basics",
      "name": "Blueberries",
      "price": "$2.98",
      "amount": "N/A",
      "unit": "/ea.",
      "original_price": "$3.98",
      "image_url": "https://product-images.metro.ca/images/hc1/h5d/10406088507422.jpg"
    },
    {
      "store": "Food Basics",
      "name": "Mocha Flavoured Iced Coffee Beverage",
      "price": "$4.99",
      "amount": "1.89 L",
      "unit": "/ea.",
      "original_price": "$5.99",
      "image_url": "https://product-images.metro.ca/images/hc5/h43/11614605770782.jpg"
    },
    {
      "store": "Food Basics",
      "name": "Chocolate Coated Vanilla Ice Milk Bars",
      "price": "$8.49",
      "amount": "24x60 mL",
      "unit": "N/A",
      "original_price": "N/A",
      "image_url": "https://product-images.metro.ca/images/hc0/h65/9746885640222.jpg"
    },
    {
      "store": "Food Basics",
      "name": "Low-Sodium Tomato Paste",
      "price": "$0.99",
      "amount": "156 mL",
      "unit": "N/A",
      "original_price": "N/A",
      "image_url": "https://product-images.metro.ca/images/h72/hd8/9519036006430.jpg"
    },
    {
      "store": "Food Basics",
      "name": "Multigrain Crackers, Breton",
      "price": "$2.79",
      "amount": "200 g",
      "unit": "/ea.",
      "original_price": "$3.49",
      "image_url": "https://product-images.metro.ca/images/hbe/h7a/11351808737310.jpg"
    },
    {
      "store": "Food Basics",
      "name": "Hickory Smoked Classic Cut Bacon",
      "price": "$5.99",
      "amount": "375 g",
      "unit": "/ea.",
      "original_price": "$7.99",
      "image_url": "https://product-images.metro.ca/images/h4c/had/13458663538718.jpg"
    },
    {
      "store": "Food Basics",
      "name": "Oatmeal Veggies and Fruits Soft Cookies, Bear Paws",
      "price": "$2.99",
      "amount": "168 g",
      "unit": "/ea.",
      "original_price": "$3.99",
      "image_url": "https://product-images.metro.ca/images/h31/hd4/13561429131294.jpg"
    },
    {
      "store": "Food Basics",
      "name": "Kiwi Basket",
      "price": "$4.98",
      "amount": "600 g",
      "unit": "/ea.",
      "original_price": "$5.88",
      "image_url": "https://product-images.metro.ca/images/hcd/h2f/9036253233182.jpg"
    },
    {
      "store": "Food Basics",
      "name": "Organic Crushed Red Cayenne Pepper Bag, Organic",
      "price": "$2.27",
      "amount": "23 g",
      "unit": "N/A",
      "original_price": "N/A",
      "image_url": "https://product-images.metro.ca/images/ha4/hfa/13653845999646.jpg"
    },
    {
      "store": "Food Basics",
      "name": "Cracked Pepper and Olive Oil Crackers, Breton",
      "price": "$2.79",
      "amount": "200 g",
      "unit": "/ea.",
      "original_price": "$3.49",
      "image_url": "https://product-images.metro.ca/images/h26/hc4/11352005050398.jpg"
    },
    {
      "store": "Food Basics",
      "name": "Honeydew Melon",
      "price": "$4.98",
      "amount": "1 each",
      "unit": "/ea.",
      "original_price": "$5.98",
      "image_url": "https://product-images.metro.ca/images/hfc/hdc/11521112473630.jpg"
    },
    {
      "store": "Food Basics",
      "name": "Cotton Candy Flavoured Ice Cream Bars, Unicorn",
      "price": "$5.00",
      "amount": "12x60 mL",
      "unit": "N/A",
      "original_price": "N/A",
      "image_url": "https://product-images.metro.ca/images/h68/ha9/14056524316702.jpg"
    },
    {
      "store": "Food Basics",
      "name": "Classic Fully Cooked Smoked Sausages",
      "price": "$8.99",
      "amount": "900 g",
      "unit": "N/A",
      "original_price": "N/A",
      "image_url": "https://product-images.metro.ca/images/h66/h9c/14269617438750.jpg"
    },
    {
      "store": "Food Basics",
      "name": "Moose Tracks Vanilla and Peanut Butter Flavoured Ice...",
      "price": "$5.88",
      "amount": "1.5 L",
      "unit": "/ea.",
      "original_price": "$7.99",
      "image_url": "https://product-images.metro.ca/images/h84/h4f/13511859372062.jpg"
    },
    {
      "store": "Food Basics",
      "name": "Spring Waterfall Scented Disinfecting Wipe",
      "price": "$5.49",
      "amount": "75 each",
      "unit": "/ea.",
      "original_price": "$6.99",
      "image_url": "https://product-images.metro.ca/images/h3d/hd5/10486713548830.jpg"
    },
    {
      "store": "Food Basics",
      "name": "Frozen Broccoli Florets",
      "price": "$2.88",
      "amount": "500 g",
      "unit": "N/A",
      "original_price": "N/A",
      "image_url": "https://product-images.metro.ca/images/h01/h2d/13505248002078.jpg"
    },
    {
      "store": "Food Basics",
      "name": "Organic Rosemary, Organic",
      "price": "$2.27",
      "amount": "14 g",
      "unit": "N/A",
      "original_price": "N/A",
      "image_url": "https://product-images.metro.ca/images/h2c/h62/13653864087582.jpg"
    },
    {
      "store": "Food Basics",
      "name": "Frozen Sausage and Egg Breakfast Sandwiches",
      "price": "$5.99",
      "amount": "288 g",
      "unit": "/ea.",
      "original_price": "$7.49",
      "image_url": "https://product-images.metro.ca/images/hf0/h4c/13458814959646.jpg"
    },
    {
      "store": "Food Basics",
      "name": "Original Soap Bar",
      "price": "$6.99",
      "amount": "3x106 g",
      "unit": "/ea.",
      "original_price": "$7.99",
      "image_url": "https://product-images.metro.ca/images/hd2/h4d/13945804029982.jpg"
    },
    {
      "store": "Food Basics",
      "name": "Fresh and Clean 2-in-1 Shampoo and Conditioner, Men+...",
      "price": "$6.49",
      "amount": "355 mL",
      "unit": "/ea.",
      "original_price": "$7.49",
      "image_url": "https://product-images.metro.ca/images/h43/h5d/14363223949342.jpg"
    },
    {
      "store": "Food Basics",
      "name": "Frozen Chicken and Pork Corn-dog",
      "price": "$12.99",
      "amount": "1.5 kg",
      "unit": "N/A",
      "original_price": "N/A",
      "image_url": "https://product-images.metro.ca/images/h7c/hd6/13505426096158.jpg"
    },
    {
      "store": "Food Basics",
      "name": "Orange Drink Mix",
      "price": "$2.99",
      "amount": "48 mL",
      "unit": "/ea.",
      "original_price": "$3.39",
      "image_url": "https://product-images.metro.ca/images/hca/ha2/14038629941278.jpg"
    },
    {
      "store": "Food Basics",
      "name": "Honey Nut Oats Cereal Value Pack, Cheerios",
      "price": "$4.98",
      "amount": "725 g",
      "unit": "/ea.",
      "original_price": "$6.99",
      "image_url": "https://product-images.metro.ca/images/h25/h4e/14307686219806.jpg"
    },
    {
      "store": "Food Basics",
      "name": "Sweet Basil Marinara Pasta Sauce",
      "price": "$3.49",
      "amount": "600 mL",
      "unit": "/ea.",
      "original_price": "$4.49",
      "image_url": "https://product-images.metro.ca/images/hd2/h56/14547666370590.jpg"
    },
    {
      "store": "Food Basics",
      "name": "Blueberry Razz Liquid Drink Mix",
      "price": "$2.99",
      "amount": "48 mL",
      "unit": "/ea.",
      "original_price": "$3.39",
      "image_url": "https://product-images.metro.ca/images/hc0/h86/15139372105758.jpg"
    },
    {
      "store": "Food Basics",
      "name": "Frozen Turkey with Italian Sausage Stuffing",
      "price": "$3.88",
      "amount": "283 g",
      "unit": "/ea.",
      "original_price": "$5.29",
      "image_url": "https://product-images.metro.ca/images/hc4/hb9/9987065806878.jpg"
    },
    {
      "store": "Food Basics",
      "name": "Deep Clean Body and Face Exfoliant Bar Soap, Men+Care",
      "price": "$6.99",
      "amount": "3x106 g",
      "unit": "/ea.",
      "original_price": "$7.99",
      "image_url": "https://product-images.metro.ca/images/h52/hb6/12048191881246.jpg"
    },
    {
      "store": "Food Basics",
      "name": "Milk Chocolate Covered Almonds",
      "price": "$6.99",
      "amount": "300 g",
      "unit": "N/A",
      "original_price": "N/A",
      "image_url": "https://product-images.metro.ca/images/hb5/h42/15111131168798.jpg"
    },
    {
      "store": "Food Basics",
      "name": "Soft Drink, Zero Sugar",
      "price": "$7.48",
      "amount": "12x355 mL",
      "unit": "/ea.",
      "original_price": "$7.99",
      "image_url": "https://product-images.metro.ca/images/h09/h5f/11817292791838.jpg"
    },
    {
      "store": "Food Basics",
      "name": "Hazelnut Spread with Cocoa",
      "price": "$4.98",
      "amount": "725 g",
      "unit": "/ea.",
      "original_price": "$7.29",
      "image_url": "https://product-images.metro.ca/images/h5c/hd4/10498157740062.jpg"
    },
    {
      "store": "Food Basics",
      "name": "Hamburger Buns",
      "price": "$3.49",
      "amount": "8 each",
      "unit": "N/A",
      "original_price": "N/A",
      "image_url": "https://product-images.metro.ca/images/ha5/hb9/13384470331422.jpg"
    },
    {
      "store": "Food Basics",
      "name": "Organic Garlic Powder Bag, Organic",
      "price": "$2.27",
      "amount": "57 g",
      "unit": "N/A",
      "original_price": "N/A",
      "image_url": "https://product-images.metro.ca/images/h20/h9b/13653849440286.jpg"
    },
    {
      "store": "Food Basics",
      "name": "White Rolls",
      "price": "$2.99",
      "amount": "12x50 g",
      "unit": "/ea.",
      "original_price": "$3.49",
      "image_url": "https://product-images.metro.ca/images/hb2/he9/13505423015966.jpg"
    },
    {
      "store": "Food Basics",
      "name": "Raspberry Flavoured Iced Tea",
      "price": "$3.99",
      "amount": "1.75 L",
      "unit": "/ea.",
      "original_price": "$4.49",
      "image_url": "https://product-images.metro.ca/images/h56/h7d/13870767898654.jpg"
    },
    {
      "store": "Food Basics",
      "name": "Orange With Pulp 100% Refrigerated Juice",
      "price": "$5.49",
      "amount": "1.36 L",
      "unit": "/ea.",
      "original_price": "$6.49",
      "image_url": "https://product-images.metro.ca/images/hc8/h55/15043325067294.jpg"
    },
    {
      "store": "Food Basics",
      "name": "Frozen Cheesy Ravioli with Chicken and Marinara Sauce",
      "price": "$3.88",
      "amount": "283 g",
      "unit": "/ea.",
      "original_price": "$5.49",
      "image_url": "https://product-images.metro.ca/images/hc7/h09/12942319222814.jpg"
    },
    {
      "store": "Food Basics",
      "name": "Four Cheese Alfredo Pasta Sauce, Di Parma",
      "price": "$3.49",
      "amount": "410 mL",
      "unit": "/ea.",
      "original_price": "$4.49",
      "image_url": "https://product-images.metro.ca/images/h32/h0a/14547442106398.jpg"
    },
    {
      "store": "Food Basics",
      "name": "Light Smooth Peanut Butter",
      "price": "$4.98",
      "amount": "1 kg",
      "unit": "/ea.",
      "original_price": "$6.99",
      "image_url": "https://product-images.metro.ca/images/hf9/h91/10778625114142.jpg"
    },
    {
      "store": "Food Basics",
      "name": "Cheddar-Style Processed Cheese Slices",
      "price": "$3.88",
      "amount": "410 g",
      "unit": "/ea.",
      "original_price": "$4.19",
      "image_url": "https://product-images.metro.ca/images/h62/he5/15047186546718.jpg"
    },
    {
      "store": "Food Basics",
      "name": "Soft Charcoal Toothbrush, Slim Soft",
      "price": "$7.99",
      "amount": "2 each",
      "unit": "/ea.",
      "original_price": "$9.99",
      "image_url": "https://product-images.metro.ca/images/hb6/hff/13945662767134.jpg"
    },
    {
      "store": "Food Basics",
      "name": "Ocean Mist Scent In-Wash Scent Booster Beads, Light",
      "price": "$19.98",
      "amount": "853 g",
      "unit": "/ea.",
      "original_price": "$24.99",
      "image_url": "https://product-images.metro.ca/images/h82/ha1/15111354974238.jpg"
    },
    {
      "store": "Food Basics",
      "name": "Vanilla Flavoured Ice Cream Sandwiches",
      "price": "$5.00",
      "amount": "12x120 mL",
      "unit": "N/A",
      "original_price": "N/A",
      "image_url": "https://product-images.metro.ca/images/hfa/hf6/11307041751070.jpg"
    },
    {
      "store": "Food Basics",
      "name": "Organic Curry Powder, Organic",
      "price": "$2.27",
      "amount": "40 g",
      "unit": "N/A",
      "original_price": "N/A",
      "image_url": "https://product-images.metro.ca/images/hd4/h8b/13653959180318.jpg"
    },
    {
      "store": "Food Basics",
      "name": "Ultra Oxi HE Pak Laundry Detergent, Power Pods",
      "price": "$19.98",
      "amount": "45 each",
      "unit": "/ea.",
      "original_price": "$25.99",
      "image_url": "https://product-images.metro.ca/images/h7a/h26/15174928498718.jpg"
    },
    {
      "store": "Food Basics",
      "name": "Frozen Spicy Thai Chicken Panang Curry",
      "price": "$3.88",
      "amount": "312 g",
      "unit": "/ea.",
      "original_price": "$5.29",
      "image_url": "https://product-images.metro.ca/images/hd1/ha7/13247338872862.jpg"
    },
    {
      "store": "Food Basics",
      "name": "Frozen Concentrated Strawberry and Fruit Beverage",
      "price": "$1.49",
      "amount": "295 mL",
      "unit": "/ea.",
      "original_price": "$1.99",
      "image_url": "https://product-images.metro.ca/images/h6a/h67/12349513269278.jpg"
    },
    {
      "store": "Food Basics",
      "name": "Potty Training Pants for Boys, Size 6, Pull-Ups",
      "price": "$29.99",
      "amount": "56 each",
      "unit": "/ea.",
      "original_price": "$32.99",
      "image_url": "https://product-images.metro.ca/images/h58/h4f/15027757547550.jpg"
    },
    {
      "store": "Food Basics",
      "name": "Bordeaux Cherry Ice Cream",
      "price": "$4.88",
      "amount": "1.5 L",
      "unit": "N/A",
      "original_price": "N/A",
      "image_url": "https://product-images.metro.ca/images/h6f/h3f/14056276885534.jpg"
    },
    {
      "store": "Food Basics",
      "name": "Walnuts",
      "price": "$4.98",
      "amount": "250 g",
      "unit": "/ea.",
      "original_price": "$5.98",
      "image_url": "https://product-images.metro.ca/images/h52/h6c/12934211633182.jpg"
    },
    {
      "store": "Food Basics",
      "name": "Eggplant",
      "price": "$2.19",
      "amount": "N/A",
      "unit": "/avg.",
      "original_price": "$6.57",
      "image_url": "https://product-images.metro.ca/images/h46/h74/9246490361886.jpg"
    },
    {
      "store": "Food Basics",
      "name": "Texas Toast-Style Whole Wheat Sliced Bread",
      "price": "$3.49",
      "amount": "675 g",
      "unit": "N/A",
      "original_price": "N/A",
      "image_url": "https://product-images.metro.ca/images/h04/hbd/14441078521886.jpg"
    },
    {
      "store": "Food Basics",
      "name": "Rancher's Choice Dressing",
      "price": "$2.99",
      "amount": "425 mL",
      "unit": "/ea.",
      "original_price": "$3.79",
      "image_url": "https://product-images.metro.ca/images/h99/h45/15139517136926.jpg"
    },
    {
      "store": "Food Basics",
      "name": "Toddler Milk-Based Nutritional Supplement Powder, 1 ...",
      "price": "$26.49",
      "amount": "850 g",
      "unit": "/ea.",
      "original_price": "$27.99",
      "image_url": "https://product-images.metro.ca/images/h23/h93/14580666400798.jpg"
    },
    {
      "store": "Food Basics",
      "name": "Spicy Red Pepper Pasta Sauce",
      "price": "$3.49",
      "amount": "600 mL",
      "unit": "/ea.",
      "original_price": "$4.49",
      "image_url": "https://product-images.metro.ca/images/h02/h0a/14547677511710.jpg"
    },
    {
      "store": "Food Basics",
      "name": "Regular Ultra Thin Pads, Ultra Thin",
      "price": "$10.99",
      "amount": "44 each",
      "unit": "/ea.",
      "original_price": "$12.99",
      "image_url": "https://product-images.metro.ca/images/hea/heb/14950815301662.jpg"
    },
    {
      "store": "Food Basics",
      "name": "Raspberry Lemonade Wafers",
      "price": "$2.49",
      "amount": "300 g",
      "unit": "/ea.",
      "original_price": "$3.99",
      "image_url": "https://product-images.metro.ca/images/hb6/h81/10486876897310.jpg"
    },
    {
      "store": "Food Basics",
      "name": "Ready To Serve Clam Soup, Chunky",
      "price": "$3.49",
      "amount": "515 mL",
      "unit": "/ea.",
      "original_price": "$3.99",
      "image_url": "https://product-images.metro.ca/images/heb/hc8/11849537847326.jpg"
    },
    {
      "store": "Food Basics",
      "name": "Creamy Caesar Dressing",
      "price": "$2.99",
      "amount": "425 mL",
      "unit": "/ea.",
      "original_price": "$3.79",
      "image_url": "https://product-images.metro.ca/images/h04/h29/15139524214814.jpg"
    },
    {
      "store": "Food Basics",
      "name": "Bacon Wrapped Mild Italian Pork Sausages, Value Pack",
      "price": "$6.99",
      "amount": "500 g - 4 each",
      "unit": "/ea.",
      "original_price": "$7.99",
      "image_url": "https://product-images.metro.ca/images/h6d/hbd/13163034312734.jpg"
    },
    {
      "store": "Food Basics",
      "name": "Crunchy Peanut Butter, Naturalia",
      "price": "$4.44",
      "amount": "750 g",
      "unit": "N/A",
      "original_price": "N/A",
      "image_url": "https://product-images.metro.ca/images/hf8/h1f/11521591345182.jpg"
    },
    {
      "store": "Food Basics",
      "name": "Pub Style Turkey Burgers",
      "price": "$5.88",
      "amount": "600 g",
      "unit": "/ea.",
      "original_price": "$8.99",
      "image_url": "https://product-images.metro.ca/images/h70/h8c/12175191474206.jpg"
    },
    {
      "store": "Food Basics",
      "name": "Mini Cucumbers",
      "price": "$2.98",
      "amount": "397 g",
      "unit": "/ea.",
      "original_price": "$3.98",
      "image_url": "https://product-images.metro.ca/images/h7c/hff/14288843046942.jpg"
    },
    {
      "store": "Food Basics",
      "name": "Lean Ground Beef",
      "price": "$6.55",
      "amount": "A tray contains on average 450 g",
      "unit": "/avg.",
      "original_price": "$18.89",
      "image_url": "https://product-images.metro.ca/images/hb1/h9a/14889107783710.jpg"
    },
    {
      "store": "Food Basics",
      "name": "Thick Cheddar-Style Processed Cheese Slices",
      "price": "$3.88",
      "amount": "410 g",
      "unit": "/ea.",
      "original_price": "$4.19",
      "image_url": "https://product-images.metro.ca/images/ha2/hd2/15047187300382.jpg"
    },
    {
      "store": "Food Basics",
      "name": "Smooth Peanut Butter",
      "price": "$4.98",
      "amount": "1 kg",
      "unit": "/ea.",
      "original_price": "$6.99",
      "image_url": "https://product-images.metro.ca/images/h90/h43/10778619674654.jpg"
    },
    {
      "store": "Food Basics",
      "name": "Uncooked Squid Rings",
      "price": "$6.99",
      "amount": "454 g",
      "unit": "/ea.",
      "original_price": "$7.99",
      "image_url": "https://product-images.metro.ca/images/h04/h59/14276590764062.jpg"
    },
    {
      "store": "Food Basics",
      "name": "35% Less Sugar Apple Juice Beverage",
      "price": "$2.99",
      "amount": "1.89 L",
      "unit": "/ea.",
      "original_price": "$3.49",
      "image_url": "https://product-images.metro.ca/images/h4b/h70/14924288622622.jpg"
    },
    {
      "store": "Food Basics",
      "name": "Frozen Concentrated Grape Punch",
      "price": "$1.49",
      "amount": "295 mL",
      "unit": "/ea.",
      "original_price": "$1.79",
      "image_url": "https://product-images.metro.ca/images/h77/hd9/10495700828190.jpg"
    },
    {
      "store": "Food Basics",
      "name": "Frozen Peaches & Cream Super Sweet Whole Kernel Corn",
      "price": "$3.79",
      "amount": "750 g",
      "unit": "/ea.",
      "original_price": "$3.99",
      "image_url": "https://product-images.metro.ca/images/ha3/h2d/9139229130782.jpg"
    },
    {
      "store": "Food Basics",
      "name": "Cherry Flavoured Sour Gummies",
      "price": "$2.79",
      "amount": "154 g",
      "unit": "/ea.",
      "original_price": "$2.99",
      "image_url": "https://product-images.metro.ca/images/h45/ha0/12175820062750.jpg"
    },
    {
      "store": "Food Basics",
      "name": "Organic Ground Coriander, Organic",
      "price": "$2.27",
      "amount": "28 g",
      "unit": "N/A",
      "original_price": "N/A",
      "image_url": "https://product-images.metro.ca/images/h12/hfc/13653957443614.jpg"
    },
    {
      "store": "Food Basics",
      "name": "White Thin Sandwich Bread",
      "price": "$3.49",
      "amount": "675 g",
      "unit": "N/A",
      "original_price": "N/A",
      "image_url": "https://product-images.metro.ca/images/h88/he3/13632482344990.jpg"
    },
    {
      "store": "Food Basics",
      "name": "2.9% Probiotic Yogurt Variety Pack",
      "price": "$5.98",
      "amount": "12x100 g",
      "unit": "/ea.",
      "original_price": "$6.99",
      "image_url": "https://product-images.metro.ca/images/h43/h78/14269452124190.jpg"
    },
    {
      "store": "Food Basics",
      "name": "Dandruff 2 in 1 Shampoo and Conditioner, Classic Clean",
      "price": "$12.99",
      "amount": "835 mL",
      "unit": "/ea.",
      "original_price": "$13.99",
      "image_url": "https://product-images.metro.ca/images/h65/h18/15111205847070.jpg"
    },
    {
      "store": "Food Basics",
      "name": "Classic Chicken Noodle Soup",
      "price": "$3.49",
      "amount": "515 mL",
      "unit": "/ea.",
      "original_price": "$3.99",
      "image_url": "https://product-images.metro.ca/images/hfe/h0d/13536557989918.jpg"
    },
    {
      "store": "Food Basics",
      "name": "Cooked Chicken Breast",
      "price": "$5.49",
      "amount": "300 g",
      "unit": "/ea.",
      "original_price": "$6.49",
      "image_url": "https://product-images.metro.ca/images/h8b/h94/11669771321374.jpg"
    },
    {
      "store": "Food Basics",
      "name": "Cooked Chicken Breast",
      "price": "$5.49",
      "amount": "300 g",
      "unit": "/ea.",
      "original_price": "$6.49",
      "image_url": "https://product-images.metro.ca/images/h8b/h94/11669771321374.jpg"
    },
    {
      "store": "Food Basics",
      "name": "Original Crackers, Breton",
      "price": "$2.79",
      "amount": "200 g",
      "unit": "/ea.",
      "original_price": "$3.49",
      "image_url": "https://product-images.metro.ca/images/h93/h21/13948042149918.jpg"
    },
    {
      "store": "Food Basics",
      "name": "Bone-in Lamb Stew",
      "price": "$4.35",
      "amount": "N/A",
      "unit": "/avg.",
      "original_price": "$8.80",
      "image_url": "/images/shared/small/icons/cart-check.svg?v=2025.4.fb.d11"
    },
    {
      "store": "Food Basics",
      "name": "Frozen Pesto Ravioli with Spicy Italian Sausages",
      "price": "$3.88",
      "amount": "340 g",
      "unit": "/ea.",
      "original_price": "$5.29",
      "image_url": "https://product-images.metro.ca/images/hb9/hee/15111036502046.jpg"
    },
    {
      "store": "Food Basics",
      "name": "Zesty Italian Dressing",
      "price": "$2.99",
      "amount": "425 mL",
      "unit": "/ea.",
      "original_price": "$3.79",
      "image_url": "https://product-images.metro.ca/images/h19/h21/15139524542494.jpg"
    },
    {
      "store": "Food Basics",
      "name": "Frozen Buffalo Chicken Macaroni and Cheese",
      "price": "$3.88",
      "amount": "300 g",
      "unit": "/ea.",
      "original_price": "$5.29",
      "image_url": "https://product-images.metro.ca/images/h88/hc6/15110964772894.jpg"
    },
    {
      "store": "Food Basics",
      "name": "Dry Roasted Seasoned Peanuts",
      "price": "$4.97",
      "amount": "700 g",
      "unit": "N/A",
      "original_price": "N/A",
      "image_url": "https://product-images.metro.ca/images/hbc/h8b/13945211289630.jpg"
    },
    {
      "store": "Food Basics",
      "name": "Frozen Smokehouse Style Meat and Potatoes",
      "price": "$3.88",
      "amount": "278 g",
      "unit": "/ea.",
      "original_price": "$5.29",
      "image_url": "https://product-images.metro.ca/images/h02/h6b/15111250903070.jpg"
    },
    {
      "store": "Food Basics",
      "name": "Disinfecting Bleach Foamer",
      "price": "$4.49",
      "amount": "887 ml",
      "unit": "/ea.",
      "original_price": "$4.99",
      "image_url": "https://product-images.metro.ca/images/h56/h09/12505518669854.jpg"
    },
    {
      "store": "Food Basics",
      "name": "Ready To Serve Beef Soup, Chunky",
      "price": "$3.49",
      "amount": "515 mL",
      "unit": "/ea.",
      "original_price": "$3.99",
      "image_url": "https://product-images.metro.ca/images/h66/hcc/12192060407838.jpg"
    },
    {
      "store": "Food Basics",
      "name": "Strawberry and Yogourt Soft Cookies, Bear Paws",
      "price": "$2.99",
      "amount": "168 g",
      "unit": "/ea.",
      "original_price": "$3.99",
      "image_url": "https://product-images.metro.ca/images/hc4/hfe/12931745873950.jpg"
    },
    {
      "store": "Food Basics",
      "name": "Dill Flavoured Brown Rice Chips, Crispy Minis",
      "price": "$2.49",
      "amount": "100 g",
      "unit": "/ea.",
      "original_price": "$3.49",
      "image_url": "https://product-images.metro.ca/images/h12/h9f/10886222020638.jpg"
    },
    {
      "store": "Food Basics",
      "name": "Original Scented HE Laundry Detergent, Power Pods",
      "price": "$19.98",
      "amount": "45 each",
      "unit": "/ea.",
      "original_price": "$25.99",
      "image_url": "https://product-images.metro.ca/images/h7f/h30/15174925680670.jpg"
    },
    {
      "store": "Food Basics",
      "name": "2.9% Probiotic Yogurt Variety Pack",
      "price": "$5.98",
      "amount": "12x100 g",
      "unit": "/ea.",
      "original_price": "$6.99",
      "image_url": "https://product-images.metro.ca/images/hb0/h11/14336783220766.jpg"
    },
    {
      "store": "Food Basics",
      "name": "Ginger Ale",
      "price": "$7.48",
      "amount": "12x355 mL",
      "unit": "/ea.",
      "original_price": "$8.49",
      "image_url": "https://product-images.metro.ca/images/hf7/h17/12018713133086.jpg"
    },
    {
      "store": "Food Basics",
      "name": "Piri Piri Popped Lotus Seeds",
      "price": "$2.99",
      "amount": "75 g",
      "unit": "/ea.",
      "original_price": "$3.49",
      "image_url": "https://product-images.metro.ca/images/hbc/hf1/14391395483678.jpg"
    },
    {
      "store": "Food Basics",
      "name": "Breaded Chicken Strips, Pub Style",
      "price": "$5.88",
      "amount": "700 g",
      "unit": "/ea.",
      "original_price": "$8.99",
      "image_url": "https://product-images.metro.ca/images/h6b/ha2/10254222131230.jpg"
    },
    {
      "store": "Food Basics",
      "name": "Sweet Chili Flavoured Brown Rice Chips, Crispy Minis",
      "price": "$2.49",
      "amount": "100 g",
      "unit": "/ea.",
      "original_price": "$3.49",
      "image_url": "https://product-images.metro.ca/images/ha9/h95/14020677468190.jpg"
    },
    {
      "store": "Food Basics",
      "name": "Electric Soft Drink",
      "price": "$7.48",
      "amount": "12x355 mL - Quebec Dep. $1,20/pack",
      "unit": "/ea.",
      "original_price": "$7.99",
      "image_url": "https://product-images.metro.ca/images/h8b/hac/15112190263326.jpg"
    },
    {
      "store": "Food Basics",
      "name": "Lemon Flavoured Iced Tea",
      "price": "$3.99",
      "amount": "1.75 L",
      "unit": "/ea.",
      "original_price": "$4.49",
      "image_url": "https://product-images.metro.ca/images/h31/hb8/9514560847902.jpg"
    },
    {
      "store": "Food Basics",
      "name": "Original Wrap",
      "price": "$3.49",
      "amount": "750 g",
      "unit": "/ea.",
      "original_price": "$3.79",
      "image_url": "https://product-images.metro.ca/images/h9b/h9f/10939059339294.jpg"
    },
    {
      "store": "Food Basics",
      "name": "Dandruff Shampoo, Classic Clean",
      "price": "$12.99",
      "amount": "835 mL",
      "unit": "/ea.",
      "original_price": "$13.99",
      "image_url": "https://product-images.metro.ca/images/h9a/h91/15174911295518.jpg"
    },
    {
      "store": "Food Basics",
      "name": "Lemon-lime And Orange Flavoured Sport Drink",
      "price": "$5.99",
      "amount": "6x591mL",
      "unit": "/ea.",
      "original_price": "$6.99",
      "image_url": "https://product-images.metro.ca/images/h8f/h96/15111909244958.jpg"
    },
    {
      "store": "Food Basics",
      "name": "Soft toothbrushes, 360°",
      "price": "$7.99",
      "amount": "2 each",
      "unit": "/ea.",
      "original_price": "$9.99",
      "image_url": "https://product-images.metro.ca/images/h7d/h89/14566044467230.jpg"
    },
    {
      "store": "Food Basics",
      "name": "Classic Lemonade",
      "price": "$4.49",
      "amount": "1.36 L",
      "unit": "/ea.",
      "original_price": "$4.99",
      "image_url": "https://product-images.metro.ca/images/hf9/hb5/15043326902302.jpg"
    },
    {
      "store": "Food Basics",
      "name": "Garden Vegetable Flavoured Crackers, Breton",
      "price": "$2.79",
      "amount": "200 g",
      "unit": "/ea.",
      "original_price": "$3.49",
      "image_url": "https://product-images.metro.ca/images/h5b/h3e/11352143462430.jpg"
    },
    {
      "store": "Food Basics",
      "name": "Cherries",
      "price": "$10.98",
      "amount": "N/A",
      "unit": "/kg",
      "original_price": "$15.39",
      "image_url": "https://product-images.metro.ca/images/hda/h9d/10759708868638.jpg"
    },
    {
      "store": "Food Basics",
      "name": "Smoked Black Forest Ham and Roast Beef",
      "price": "$6.99",
      "amount": "2x150 g",
      "unit": "/ea.",
      "original_price": "$8.99",
      "image_url": "https://product-images.metro.ca/images/h49/ha4/11526512672798.jpg"
    },
    {
      "store": "Food Basics",
      "name": "Frozen Egg with Bacon and Cheddar Breakfast Bites",
      "price": "$5.99",
      "amount": "224 g",
      "unit": "/ea.",
      "original_price": "$7.49",
      "image_url": "https://product-images.metro.ca/images/hd1/h4a/13458808602654.jpg"
    },
    {
      "store": "Food Basics",
      "name": "Cream Cookie",
      "price": "$3.99",
      "amount": "520 g",
      "unit": "/ea.",
      "original_price": "$4.99",
      "image_url": "https://product-images.metro.ca/images/h53/h99/14476985958430.jpg"
    },
    {
      "store": "Food Basics",
      "name": "Vodka Pasta Sauce",
      "price": "$3.49",
      "amount": "600 mL",
      "unit": "/ea.",
      "original_price": "$4.49",
      "image_url": "https://product-images.metro.ca/images/hcb/h9d/14547665256478.jpg"
    },
    {
      "store": "Food Basics",
      "name": "Honey and maple Flavoured Chicken Breasts",
      "price": "$5.49",
      "amount": "300 g",
      "unit": "/ea.",
      "original_price": "$6.49",
      "image_url": "https://product-images.metro.ca/images/hcb/h11/11525807964190.jpg"
    },
    {
      "store": "Food Basics",
      "name": "Smoked Honey Ham",
      "price": "$6.49",
      "amount": "375 g",
      "unit": "/ea.",
      "original_price": "$7.49",
      "image_url": "https://product-images.metro.ca/images/h5f/hc8/11669767979038.jpg"
    },
    {
      "store": "Food Basics",
      "name": "Plant-Based Burger Patties",
      "price": "$7.99",
      "amount": "226 g",
      "unit": "/ea.",
      "original_price": "$9.79",
      "image_url": "https://product-images.metro.ca/images/h5f/h37/10504562737182.jpg"
    },
    {
      "store": "Food Basics",
      "name": "Hazelnut Spread with Cocoa",
      "price": "$6.99",
      "amount": "725 g",
      "unit": "/ea.",
      "original_price": "$7.99",
      "image_url": "https://product-images.metro.ca/images/h4a/h82/15206677512222.jpg"
    },
    {
      "store": "Food Basics",
      "name": "Vanilla Ice Milk",
      "price": "$6.49",
      "amount": "4 L",
      "unit": "N/A",
      "original_price": "N/A",
      "image_url": "https://product-images.metro.ca/images/hd6/h92/14540954632222.jpg"
    },
    {
      "store": "Food Basics",
      "name": "Unsweetened Cold Brew Dark Coffee Beverage",
      "price": "$7.49",
      "amount": "1.42 L",
      "unit": "/ea.",
      "original_price": "$8.49",
      "image_url": "https://product-images.metro.ca/images/ha6/h84/13195522605086.jpg"
    },
    {
      "store": "Food Basics",
      "name": "Crunchy Lettuce",
      "price": "$4.98",
      "amount": "227 g",
      "unit": "/ea.",
      "original_price": "$5.98",
      "image_url": "https://product-images.metro.ca/images/h58/h01/15019150868510.jpg"
    },
    {
      "store": "Food Basics",
      "name": "Lean Ground Pork, Value Pack",
      "price": "$9.53",
      "amount": "N/A",
      "unit": "/avg.",
      "original_price": "$10.56",
      "image_url": "https://product-images.metro.ca/images/h76/h5c/14269607444510.jpg"
    },
    {
      "store": "Food Basics",
      "name": "Avalanche of Chocolate and Brownies Ice Cream",
      "price": "$4.88",
      "amount": "1.5 L",
      "unit": "N/A",
      "original_price": "N/A",
      "image_url": "https://product-images.metro.ca/images/h61/h56/14056279277598.jpg"
    },
    {
      "store": "Food Basics",
      "name": "Orange Flavoured Sport Drink Beverage",
      "price": "$5.99",
      "amount": "6x591 mL",
      "unit": "/ea.",
      "original_price": "$6.99",
      "image_url": "https://product-images.metro.ca/images/h67/h52/12907174723614.jpg"
    },
    {
      "store": "Food Basics",
      "name": "0% Probiotic Yogurt Variety Pack",
      "price": "$5.98",
      "amount": "12x100 g",
      "unit": "/ea.",
      "original_price": "$6.99",
      "image_url": "https://product-images.metro.ca/images/h99/hc5/14547422380062.jpg"
    },
    {
      "store": "Food Basics",
      "name": "Berry Flavoured Electrolyte Drink Packets, Hydrate",
      "price": "$2.99",
      "amount": "45 g",
      "unit": "/ea.",
      "original_price": "$3.39",
      "image_url": "https://product-images.metro.ca/images/h9e/h69/13760223019038.jpg"
    },
    {
      "store": "Food Basics",
      "name": "Whole Grain Wheat Cereal with Bran, Shredded Wheat",
      "price": "$3.49",
      "amount": "525 g",
      "unit": "/ea.",
      "original_price": "$4.99",
      "image_url": "https://product-images.metro.ca/images/h13/h7d/13333690384414.jpg"
    },
    {
      "store": "Food Basics",
      "name": "Strawberry Wafers",
      "price": "$2.49",
      "amount": "300 g",
      "unit": "/ea.",
      "original_price": "$3.99",
      "image_url": "https://product-images.metro.ca/images/h45/ha6/11570831065118.jpg"
    },
    {
      "store": "Food Basics",
      "name": "Downy Soft Booster Laundry Detergent Packs, Power Pods",
      "price": "$19.98",
      "amount": "45 each",
      "unit": "/ea.",
      "original_price": "$25.99",
      "image_url": "https://product-images.metro.ca/images/hbb/hcd/15174920765470.jpg"
    },
    {
      "store": "Food Basics",
      "name": "Basil Pesto",
      "price": "$3.49",
      "amount": "218 mL",
      "unit": "/ea.",
      "original_price": "$4.49",
      "image_url": "https://product-images.metro.ca/images/h5c/h53/14547420545054.jpg"
    },
    {
      "store": "Food Basics",
      "name": "Chai Black Tea Bags",
      "price": "$2.99",
      "amount": "20 each",
      "unit": "N/A",
      "original_price": "N/A",
      "image_url": "https://product-images.metro.ca/images/h3e/h70/9041643077662.jpg"
    },
    {
      "store": "Food Basics",
      "name": "Pre-Cooked Brown Rice",
      "price": "$4.99",
      "amount": "600 g",
      "unit": "/ea.",
      "original_price": "$5.49",
      "image_url": "https://product-images.metro.ca/images/h25/h44/12680450342942.jpg"
    },
    {
      "store": "Food Basics",
      "name": "Frozen Pepperoni and Bacon Pizza Snacks, Pizza Pops",
      "price": "$5.99",
      "amount": "760 g",
      "unit": "/ea.",
      "original_price": "$7.99",
      "image_url": "https://product-images.metro.ca/images/h96/hb5/13005894189086.jpg"
    },
    {
      "store": "Food Basics",
      "name": "Chinese Eggplant",
      "price": "$0.87",
      "amount": "N/A",
      "unit": "/avg.",
      "original_price": "$5.05",
      "image_url": "https://product-images.metro.ca/images/haf/h40/8922084474910.jpg"
    },
    {
      "store": "Food Basics",
      "name": "Thick-Sliced Whole Wheat Bread, Italian-Style",
      "price": "$2.98",
      "amount": "675 g",
      "unit": "/ea.",
      "original_price": "$3.99",
      "image_url": "https://product-images.metro.ca/images/h16/hbd/14441072689182.jpg"
    },
    {
      "store": "Food Basics",
      "name": "French Dressing",
      "price": "$2.99",
      "amount": "425 mL",
      "unit": "/ea.",
      "original_price": "$3.79",
      "image_url": "https://product-images.metro.ca/images/hd0/h2d/15139529457694.jpg"
    },
    {
      "store": "Food Basics",
      "name": "Green Tea Bag",
      "price": "$7.99",
      "amount": "100 each",
      "unit": "/ea.",
      "original_price": "$9.49",
      "image_url": "https://product-images.metro.ca/images/hff/h02/12879405842462.jpg"
    },
    {
      "store": "Food Basics",
      "name": "Whole Wheat Bagels",
      "price": "$2.98",
      "amount": "6 each - 450 g",
      "unit": "/ea.",
      "original_price": "$3.99",
      "image_url": "https://product-images.metro.ca/images/h8e/hcf/13384470233118.jpg"
    },
    {
      "store": "Food Basics",
      "name": "Teriyaki Noodle Pasta Cup",
      "price": "$1.99",
      "amount": "73 g",
      "unit": "/ea.",
      "original_price": "$3.99",
      "image_url": "https://product-images.metro.ca/images/h67/h7c/13282826846238.jpg"
    },
    {
      "store": "Food Basics",
      "name": "Fresh Burst® antiseptic mouthwash",
      "price": "$5.99",
      "amount": "1 L",
      "unit": "/ea.",
      "original_price": "$7.99",
      "image_url": "https://product-images.metro.ca/images/h6d/hc9/14924006227998.jpg"
    },
    {
      "store": "Food Basics",
      "name": "Frangrance-Free Hypoallergenic Fabric Softener Sheets",
      "price": "$3.99",
      "amount": "80 sheets",
      "unit": "N/A",
      "original_price": "N/A",
      "image_url": "https://product-images.metro.ca/images/hf5/h67/14566130188318.jpg"
    },
    {
      "store": "Food Basics",
      "name": "Dark Chocolate Granola Cereal, Morning Crisp",
      "price": "$5.99",
      "amount": "400 g",
      "unit": "/ea.",
      "original_price": "$6.99",
      "image_url": "https://product-images.metro.ca/images/h21/h92/13458719932446.jpg"
    },
    {
      "store": "Food Basics",
      "name": "Ultra Thin Extra Long Super Pads with Wings, Ultra Thin",
      "price": "$10.99",
      "amount": "28 each",
      "unit": "/ea.",
      "original_price": "$12.99",
      "image_url": "https://product-images.metro.ca/images/hf5/hb4/13935885975582.jpg"
    },
    {
      "store": "Food Basics",
      "name": "Original Sausage Sticks, Pepperettes",
      "price": "$7.99",
      "amount": "375 g",
      "unit": "/ea.",
      "original_price": "$10.99",
      "image_url": "https://product-images.metro.ca/images/h9b/h60/13458649677854.jpg"
    },
    {
      "store": "Food Basics",
      "name": "Vanilla Cream Filled White Cakes, 1/2 Moon",
      "price": "$3.49",
      "amount": "6 cakes, 282 g",
      "unit": "/ea.",
      "original_price": "$4.99",
      "image_url": "https://product-images.metro.ca/images/h12/h18/13384503459870.jpg"
    },
    {
      "store": "Food Basics",
      "name": "Frozen Bacon and Egg Scramble with Cheddar Cheese, A...",
      "price": "$3.88",
      "amount": "200 g",
      "unit": "/ea.",
      "original_price": "$5.29",
      "image_url": "https://product-images.metro.ca/images/h55/hf7/11412607696926.jpg"
    },
    {
      "store": "Food Basics",
      "name": "Club Soda",
      "price": "$7.48",
      "amount": "12x355 mL",
      "unit": "/ea.",
      "original_price": "$8.49",
      "image_url": "https://product-images.metro.ca/images/hb6/h1c/12018720178206.jpg"
    },
    {
      "store": "Food Basics",
      "name": "Cheese Flavoured Popped Lotus Seeds, Cheezy Peezy",
      "price": "$2.99",
      "amount": "75 g",
      "unit": "/ea.",
      "original_price": "$3.49",
      "image_url": "https://product-images.metro.ca/images/he1/h36/14391394598942.jpg"
    },
    {
      "store": "Food Basics",
      "name": "Frozen Berry Beverage",
      "price": "$1.27",
      "amount": "283 mL",
      "unit": "N/A",
      "original_price": "N/A",
      "image_url": "https://product-images.metro.ca/images/h45/h21/11525590679582.jpg"
    },
    {
      "store": "Food Basics",
      "name": "Frozen Pineapple Chicken, Gourmet Steamers",
      "price": "$3.88",
      "amount": "298 g",
      "unit": "/ea.",
      "original_price": "$5.49",
      "image_url": "https://product-images.metro.ca/images/hd7/hfc/9927502626846.jpg"
    },
    {
      "store": "Food Basics",
      "name": "Ready To Serve Chicken and Vegetable Pot Pie Soup, C...",
      "price": "$3.49",
      "amount": "515 mL",
      "unit": "/ea.",
      "original_price": "$3.99",
      "image_url": "https://product-images.metro.ca/images/ha9/hc9/11849532407838.jpg"
    },
    {
      "store": "Food Basics",
      "name": "Cold Water Liquid Laundry Detergent, Ultra Clean",
      "price": "$3.99",
      "amount": "40 loads-1.8 L",
      "unit": "N/A",
      "original_price": "N/A",
      "image_url": "https://product-images.metro.ca/images/h28/hcd/11520999751710.jpg"
    },
    {
      "store": "Food Basics",
      "name": "Strawberry & Watermelon Flavoured Liquid Water Enhancer",
      "price": "$2.99",
      "amount": "48 mL",
      "unit": "/ea.",
      "original_price": "$3.39",
      "image_url": "https://product-images.metro.ca/images/hb1/hba/15086804893726.jpg"
    },
    {
      "store": "Food Basics",
      "name": "Unscented Size 1 Regular Flow Pads",
      "price": "$10.99",
      "amount": "36 each",
      "unit": "/ea.",
      "original_price": "$12.99",
      "image_url": "https://product-images.metro.ca/images/he8/hcb/14567191445534.jpg"
    },
    {
      "store": "Food Basics",
      "name": "Three Cheese and Jalapenos Loaded Wieners, Juicy Jumbos",
      "price": "$6.99",
      "amount": "375 g",
      "unit": "/ea.",
      "original_price": "$8.99",
      "image_url": "https://product-images.metro.ca/images/h51/hf3/14884798136350.jpg"
    },
    {
      "store": "Food Basics",
      "name": "All In 1 Max™ Dishwasher Detergent Tabs, Powerball",
      "price": "$13.99",
      "amount": "55 each",
      "unit": "/ea.",
      "original_price": "$15.99",
      "image_url": "https://product-images.metro.ca/images/h0a/hed/13945811173406.jpg"
    },
    {
      "store": "Food Basics",
      "name": "Fresh Mint Anticavity Toothpaste, Optic White",
      "price": "$7.99",
      "amount": "3x90 mL",
      "unit": "/ea.",
      "original_price": "$9.49",
      "image_url": "https://product-images.metro.ca/images/h16/h69/14363367833630.jpg"
    },
    {
      "store": "Food Basics",
      "name": "Organic Basil",
      "price": "$11.88",
      "amount": "1.26 L",
      "unit": "N/A",
      "original_price": "N/A",
      "image_url": "https://product-images.metro.ca/images/h71/h24/13235160285214.jpg"
    },
    {
      "store": "Food Basics",
      "name": "Chicken Flavoured Instant Noodle Soup",
      "price": "$0.75",
      "amount": "65 g",
      "unit": "/ea.",
      "original_price": "$0.99",
      "image_url": "https://product-images.metro.ca/images/h3b/hd6/13653337702430.jpg"
    },
    {
      "store": "Food Basics",
      "name": "Extra Soft Sausage Buns, Toscana",
      "price": "$2.98",
      "amount": "6 each",
      "unit": "/ea.",
      "original_price": "$3.99",
      "image_url": "https://product-images.metro.ca/images/h2c/h6a/14441070919710.jpg"
    },
    {
      "store": "Food Basics",
      "name": "Loaded Potato Salad",
      "price": "$3.49",
      "amount": "400 g",
      "unit": "/ea.",
      "original_price": "$4.49",
      "image_url": "https://product-images.metro.ca/images/h44/h0a/14889474359326.jpg"
    },
    {
      "store": "Food Basics",
      "name": "Broccoli and Cheese Soup",
      "price": "$3.49",
      "amount": "515 mL",
      "unit": "/ea.",
      "original_price": "$3.99",
      "image_url": "https://product-images.metro.ca/images/h1b/h0b/14645911388190.jpg"
    },
    {
      "store": "Food Basics",
      "name": "Frozen Oven Baked Chicken and Ham Macaroni and Cheese",
      "price": "$3.88",
      "amount": "360 g",
      "unit": "/ea.",
      "original_price": "$5.29",
      "image_url": "https://product-images.metro.ca/images/haf/hd0/15111032602654.jpg"
    },
    {
      "store": "Food Basics",
      "name": "Ready to Serve Chicken and Corn Soup, Chunky",
      "price": "$3.49",
      "amount": "515 mL",
      "unit": "/ea.",
      "original_price": "$3.99",
      "image_url": "https://product-images.metro.ca/images/h8a/hf6/11679797936158.jpg"
    },
    {
      "store": "Food Basics",
      "name": "Plant-Based Simulated Ground Meat",
      "price": "$7.99",
      "amount": "340 g",
      "unit": "/ea.",
      "original_price": "$9.99",
      "image_url": "https://product-images.metro.ca/images/hab/hdb/10542448279582.jpg"
    },
    {
      "store": "Food Basics",
      "name": "Cheese and Spinach Ravioli with Grana Padano",
      "price": "$1.98",
      "amount": "225 g",
      "unit": "/ea.",
      "original_price": "$2.99",
      "image_url": "https://product-images.metro.ca/images/hd8/hf0/11694059880478.jpg"
    },
    {
      "store": "Food Basics",
      "name": "Citrus Flavoured Soft Drink",
      "price": "$7.48",
      "amount": "12x355 mL",
      "unit": "/ea.",
      "original_price": "$7.99",
      "image_url": "https://product-images.metro.ca/images/h23/h07/10788931272734.jpg"
    },
    {
      "store": "Food Basics",
      "name": "Minis Oatmeal Chocolate Chip Soft Cookies, Bear Paws",
      "price": "$2.99",
      "amount": "210 g",
      "unit": "/ea.",
      "original_price": "$3.99",
      "image_url": "https://product-images.metro.ca/images/hb9/h3a/12931538452510.jpg"
    },
    {
      "store": "Food Basics",
      "name": "Everything Bagels",
      "price": "$2.98",
      "amount": "6 each - 450 g",
      "unit": "/ea.",
      "original_price": "$3.99",
      "image_url": "https://product-images.metro.ca/images/hd6/h4b/14269472538654.jpg"
    },
    {
      "store": "Food Basics",
      "name": "Everything Bagels",
      "price": "$2.98",
      "amount": "6 each - 450 g",
      "unit": "/ea.",
      "original_price": "$3.99",
      "image_url": "https://product-images.metro.ca/images/hd6/h4b/14269472538654.jpg"
    },
    {
      "store": "Food Basics",
      "name": "Citrus Disinfecting Wipes",
      "price": "$5.49",
      "amount": "84 each",
      "unit": "/ea.",
      "original_price": "$6.99",
      "image_url": "https://product-images.metro.ca/images/h85/h43/10170798997534.jpg"
    },
    {
      "store": "Food Basics",
      "name": "Peppermint Herbal Tea Bags",
      "price": "$2.99",
      "amount": "20 each",
      "unit": "N/A",
      "original_price": "N/A",
      "image_url": "https://product-images.metro.ca/images/ha2/h6c/9041392762910.jpg"
    },
    {
      "store": "Food Basics",
      "name": "Cherry, Lemon and Raspberry Flavoured Ice Pops, Rock-IT",
      "price": "$5.00",
      "amount": "12x75 mL",
      "unit": "N/A",
      "original_price": "N/A",
      "image_url": "https://product-images.metro.ca/images/h9e/heb/14056400093214.jpg"
    },
    {
      "store": "Food Basics",
      "name": "Organic Chili Powder, Organic",
      "price": "$2.27",
      "amount": "31 g",
      "unit": "N/A",
      "original_price": "N/A",
      "image_url": "https://product-images.metro.ca/images/h2a/h7a/13653855895582.jpg"
    },
    {
      "store": "Food Basics",
      "name": "Whole Wheat Sliced Bread",
      "price": "$3.49",
      "amount": "675 g",
      "unit": "N/A",
      "original_price": "N/A",
      "image_url": "https://product-images.metro.ca/images/h5d/h75/13483166793758.jpg"
    },
    {
      "store": "Food Basics",
      "name": "Frozen Concentrated Lemonade",
      "price": "$1.49",
      "amount": "295 mL",
      "unit": "/ea.",
      "original_price": "$1.99",
      "image_url": "https://product-images.metro.ca/images/h34/h9a/10495701778462.jpg"
    },
    {
      "store": "Food Basics",
      "name": "Smoked Black Forest Ham and Chicken Breast Duo",
      "price": "$6.49",
      "amount": "2x150 g",
      "unit": "/ea.",
      "original_price": "$7.49",
      "image_url": "https://product-images.metro.ca/images/he5/hcb/11578259243038.jpg"
    },
    {
      "store": "Food Basics",
      "name": "Chocolate Chip Soft Cookies, Bear Paws",
      "price": "$2.99",
      "amount": "240 g",
      "unit": "/ea.",
      "original_price": "$3.99",
      "image_url": "https://product-images.metro.ca/images/he3/h56/11161746079774.jpg"
    },
    {
      "store": "Food Basics",
      "name": "Strawberry Lemonbabe Liquid Drink Mix",
      "price": "$2.99",
      "amount": "48 mL",
      "unit": "/ea.",
      "original_price": "$3.39",
      "image_url": "https://product-images.metro.ca/images/h08/h68/14038629974046.jpg"
    },
    {
      "store": "Food Basics",
      "name": "Butterscotch Ripple Ice Milk",
      "price": "$6.49",
      "amount": "4 L",
      "unit": "N/A",
      "original_price": "N/A",
      "image_url": "https://product-images.metro.ca/images/h4e/h26/14540952961054.jpg"
    },
    {
      "store": "Food Basics",
      "name": "Whole Wheat Wrap",
      "price": "$3.49",
      "amount": "750 g",
      "unit": "/ea.",
      "original_price": "$3.79",
      "image_url": "https://product-images.metro.ca/images/hfb/h92/10939267219486.jpg"
    },
    {
      "store": "Food Basics",
      "name": "Four Cheese Pasta Sauce",
      "price": "$3.49",
      "amount": "600 mL",
      "unit": "/ea.",
      "original_price": "$4.49",
      "image_url": "https://product-images.metro.ca/images/h77/hb1/14547662635038.jpg"
    },
    {
      "store": "Food Basics",
      "name": "Pistachio Ice Cream Bars, The Creamiest",
      "price": "$4.88",
      "amount": "4x88 mL",
      "unit": "N/A",
      "original_price": "N/A",
      "image_url": "https://product-images.metro.ca/images/h2c/h51/14950803144734.jpg"
    },
    {
      "store": "Food Basics",
      "name": "Diet Ginger Ale",
      "price": "$7.48",
      "amount": "12x355 mL",
      "unit": "/ea.",
      "original_price": "$8.49",
      "image_url": "https://product-images.metro.ca/images/hb0/h57/12018713886750.jpg"
    },
    {
      "store": "Food Basics",
      "name": "Frozen 4-Cheese Macaroni and Cheese, Deluxe",
      "price": "$3.88",
      "amount": "340 g",
      "unit": "/ea.",
      "original_price": "$5.29",
      "image_url": "https://product-images.metro.ca/images/h6e/h58/12175848275998.jpg"
    },
    {
      "store": "Food Basics",
      "name": "2-Ply Bathroom Tissue",
      "price": "$10.98",
      "amount": "24x242 sheets",
      "unit": "/ea.",
      "original_price": "$19.99",
      "image_url": "https://product-images.metro.ca/images/hda/h9d/10393744375838.jpg"
    },
    {
      "store": "Food Basics",
      "name": "Malt Flavoured Crispy Chocolate Bites, Maltesers",
      "price": "$4.49",
      "amount": "165 g",
      "unit": "/ea.",
      "original_price": "$5.99",
      "image_url": "https://product-images.metro.ca/images/h1c/hb4/12738841804830.jpg"
    },
    {
      "store": "Food Basics",
      "name": "Vanilla and Almond Ice Cream Bars, Value Pack, The C...",
      "price": "$9.88",
      "amount": "10x72 mL",
      "unit": "N/A",
      "original_price": "N/A",
      "image_url": "https://product-images.metro.ca/images/hb7/h1c/14056631730206.jpg"
    },
    {
      "store": "Food Basics",
      "name": "Raspberry Sorbet",
      "price": "$4.88",
      "amount": "946 mL",
      "unit": "N/A",
      "original_price": "N/A",
      "image_url": "https://product-images.metro.ca/images/h4e/h3f/14056349564958.jpg"
    },
    {
      "store": "Food Basics",
      "name": "Lemon-Lime Flavoured Soft Drink, Zero Sugar",
      "price": "$7.48",
      "amount": "12x355 mL",
      "unit": "/ea.",
      "original_price": "$8.49",
      "image_url": "https://product-images.metro.ca/images/h3c/h3a/15214717763614.jpg"
    },
    {
      "store": "Food Basics",
      "name": "Fresh Scented Dishwasher Detergent Tabs, Platinum",
      "price": "$19.98",
      "amount": "67 each",
      "unit": "/ea.",
      "original_price": "$23.99",
      "image_url": "https://product-images.metro.ca/images/h4b/h69/15129263013918.jpg"
    },
    {
      "store": "Food Basics",
      "name": "Quantum Ultramax Dishwasher Tabs, Powerball",
      "price": "$13.99",
      "amount": "30 each",
      "unit": "/ea.",
      "original_price": "$15.99",
      "image_url": "https://product-images.metro.ca/images/h43/h26/12505599410206.jpg"
    },
    {
      "store": "Food Basics",
      "name": "Vanilla Wafers",
      "price": "$2.49",
      "amount": "300 g",
      "unit": "/ea.",
      "original_price": "$3.99",
      "image_url": "https://product-images.metro.ca/images/h09/h6e/11117325680670.jpg"
    },
    {
      "store": "Food Basics",
      "name": "German Salami and Spicy Salami Duo",
      "price": "$6.99",
      "amount": "2x125 g",
      "unit": "/ea.",
      "original_price": "$7.99",
      "image_url": "https://product-images.metro.ca/images/he9/h51/11669771976734.jpg"
    },
    {
      "store": "Food Basics",
      "name": "S'mores Flavoured Ice Cream Bars, The Creamiest",
      "price": "$4.88",
      "amount": "4x72 mL",
      "unit": "N/A",
      "original_price": "N/A",
      "image_url": "https://product-images.metro.ca/images/h86/h0a/14056594538526.jpg"
    },
    {
      "store": "Food Basics",
      "name": "Frozen Grilled Chicken Marinara, Gourmet Steamers",
      "price": "$3.88",
      "amount": "284 g",
      "unit": "/ea.",
      "original_price": "$5.49",
      "image_url": "https://product-images.metro.ca/images/h85/hea/9927501512734.jpg"
    },
    {
      "store": "Food Basics",
      "name": "Frozen White Cheddar, Bacon and Garlic Macaroni and ...",
      "price": "$3.88",
      "amount": "340 g",
      "unit": "/ea.",
      "original_price": "$5.29",
      "image_url": "https://product-images.metro.ca/images/h1d/h90/14964385939486.jpg"
    },
    {
      "store": "Food Basics",
      "name": "Training Pants for Girls Size 6, Pull-Ups",
      "price": "$29.99",
      "amount": "56 each",
      "unit": "/ea.",
      "original_price": "$32.99",
      "image_url": "https://product-images.metro.ca/images/ha6/h1b/15027756072990.jpg"
    },
    {
      "store": "Food Basics",
      "name": "Bite Size Veggie Crackers, Breton",
      "price": "$2.79",
      "amount": "200 g",
      "unit": "/ea.",
      "original_price": "$3.49",
      "image_url": "https://product-images.metro.ca/images/h13/hbb/14336774307870.jpg"
    },
    {
      "store": "Food Basics",
      "name": "Italian Style Tomato Sauce",
      "price": "$1.97",
      "amount": "680 mL",
      "unit": "N/A",
      "original_price": "N/A",
      "image_url": "https://product-images.metro.ca/images/he1/h71/11521176764446.jpg"
    },
    {
      "store": "Food Basics",
      "name": "Honey Flavoured Wheat Cereals, Sugar-Crisp",
      "price": "$3.49",
      "amount": "365 g",
      "unit": "/ea.",
      "original_price": "$4.99",
      "image_url": "https://product-images.metro.ca/images/hda/h0e/11198052925470.jpg"
    },
    {
      "store": "Food Basics",
      "name": "Liquid Honey",
      "price": "$9.88",
      "amount": "1 kg",
      "unit": "/ea.",
      "original_price": "$14.49",
      "image_url": "https://product-images.metro.ca/images/hec/h8b/11449591627806.jpg"
    },
    {
      "store": "Food Basics",
      "name": "Red Seedless Grapes",
      "price": "$8.77",
      "amount": "A bag contains on average 1000 g",
      "unit": "/kg",
      "original_price": "$10.98",
      "image_url": "https://product-images.metro.ca/images/ha7/h94/8872792391710.jpg"
    },
    {
      "store": "Food Basics",
      "name": "BBQ Size Wieners, Top Dogs",
      "price": "$5.99",
      "amount": "375 g",
      "unit": "/ea.",
      "original_price": "$6.99",
      "image_url": "https://product-images.metro.ca/images/hd6/h14/13458674876446.jpg"
    },
    {
      "store": "Food Basics",
      "name": "Creamy Caesar Dressing",
      "price": "$2.99",
      "amount": "425 mL",
      "unit": "/ea.",
      "original_price": "$3.79",
      "image_url": "https://product-images.metro.ca/images/h04/h29/15139524214814.jpg"
    },
    {
      "store": "Food Basics",
      "name": "Fruit Punch Drink",
      "price": "$1.99",
      "amount": "2 L",
      "unit": "/ea.",
      "original_price": "$2.69",
      "image_url": "https://product-images.metro.ca/images/h40/h8b/14983769915422.jpg"
    },
    {
      "store": "Food Basics",
      "name": "Frozen Pesto Ravioli with Spicy Italian Sausages",
      "price": "$3.88",
      "amount": "340 g",
      "unit": "/ea.",
      "original_price": "$5.29",
      "image_url": "https://product-images.metro.ca/images/hb9/hee/15111036502046.jpg"
    },
    {
      "store": "Food Basics",
      "name": "Laundry Detergent Packs, Snow",
      "price": "$19.98",
      "amount": "45 each",
      "unit": "/ea.",
      "original_price": "$25.99",
      "image_url": "https://product-images.metro.ca/images/h13/h11/15174924730398.jpg"
    },
    {
      "store": "Food Basics",
      "name": "Frozen White Cheddar Macaroni and Cheese with Bacon",
      "price": "$3.88",
      "amount": "300 g",
      "unit": "/ea.",
      "original_price": "$5.29",
      "image_url": "https://product-images.metro.ca/images/h06/h04/11412569849886.jpg"
    },
    {
      "store": "Food Basics",
      "name": "Lemon and Vanilla Flavoured Yogurt",
      "price": "$2.98",
      "amount": "650 g",
      "unit": "/ea.",
      "original_price": "$3.99",
      "image_url": "https://product-images.metro.ca/images/h67/hdf/14926573142046.jpg"
    },
    {
      "store": "Food Basics",
      "name": "Smoked German Salami",
      "price": "$6.99",
      "amount": "2x125 g",
      "unit": "/ea.",
      "original_price": "$7.99",
      "image_url": "https://product-images.metro.ca/images/hfd/h85/11525964529694.jpg"
    },
    {
      "store": "Food Basics",
      "name": "2.9% Probiotic Yogurt Variety Pack",
      "price": "$5.98",
      "amount": "12x100 g",
      "unit": "/ea.",
      "original_price": "$6.99",
      "image_url": "https://product-images.metro.ca/images/h9d/hec/14983793442846.jpg"
    },
    {
      "store": "Food Basics",
      "name": "Three Cheese Mushroom Risotto, Rice Cups",
      "price": "$1.99",
      "amount": "73 g",
      "unit": "/ea.",
      "original_price": "$3.99",
      "image_url": "https://product-images.metro.ca/images/he3/h31/15067477639198.jpg"
    },
    {
      "store": "Food Basics",
      "name": "Extra Creamy Peanut Butter",
      "price": "$4.98",
      "amount": "1 kg",
      "unit": "/ea.",
      "original_price": "$6.99",
      "image_url": "https://product-images.metro.ca/images/h98/h13/11477857566750.jpg"
    },
    {
      "store": "Food Basics",
      "name": "6% Plain Balkan-Style Yogurt, Original",
      "price": "$2.98",
      "amount": "750 g",
      "unit": "/ea.",
      "original_price": "$3.49",
      "image_url": "https://product-images.metro.ca/images/h5a/h5c/15048329822238.jpg"
    },
    {
      "store": "Food Basics",
      "name": "Chicken Noodle Supreme Instant Soup Mix, Cup-a-Soup",
      "price": "$1.99",
      "amount": "4 each",
      "unit": "/ea.",
      "original_price": "$2.49",
      "image_url": "https://product-images.metro.ca/images/h6f/h52/14645790048286.jpg"
    },
    {
      "store": "Food Basics",
      "name": "Cold Water Liquid Laundry Detergent, Ultra",
      "price": "$19.98",
      "amount": "83 loads - 3.46 L",
      "unit": "/ea.",
      "original_price": "$25.99",
      "image_url": "https://product-images.metro.ca/images/h8a/haf/15129337135134.jpg"
    },
    {
      "store": "Food Basics",
      "name": "Frozen Grilled Chicken Red Pepper Alfredo, Gourmet S...",
      "price": "$3.88",
      "amount": "292 g",
      "unit": "/ea.",
      "original_price": "$5.49",
      "image_url": "https://product-images.metro.ca/images/h5b/h23/9927505018910.jpg"
    },
    {
      "store": "Food Basics",
      "name": "Sourdough Bagel, Signature",
      "price": "$2.98",
      "amount": "450 g",
      "unit": "/ea.",
      "original_price": "$3.99",
      "image_url": "https://product-images.metro.ca/images/hdf/h9a/14485160230942.jpg"
    },
    {
      "store": "Food Basics",
      "name": "Size 4 Baby Diapers, Little Movers",
      "price": "$38.99",
      "amount": "120 each",
      "unit": "/ea.",
      "original_price": "$41.99",
      "image_url": "https://product-images.metro.ca/images/h91/hdb/12743924154398.jpg"
    },
    {
      "store": "Food Basics",
      "name": "Swiss Roll Cakes",
      "price": "$3.49",
      "amount": "290 g",
      "unit": "/ea.",
      "original_price": "$4.99",
      "image_url": "https://product-images.metro.ca/images/h82/h8b/13384508047390.jpg"
    },
    {
      "store": "Food Basics",
      "name": "Extra Long Grain Basmati Rice, Gold",
      "price": "$9.88",
      "amount": "4.54 kg",
      "unit": "/ea.",
      "original_price": "$12.99",
      "image_url": "https://product-images.metro.ca/images/h2d/h0b/14580689600542.jpg"
    },
    {
      "store": "Food Basics",
      "name": "Unsweetened Blonde Roast Coffee Beverage, Iced Coffee",
      "price": "$7.99",
      "amount": "1.42 L",
      "unit": "/ea.",
      "original_price": "$8.49",
      "image_url": "https://product-images.metro.ca/images/h67/hdc/12919946084382.jpg"
    },
    {
      "store": "Food Basics",
      "name": "Frozen Pepperoni Pizza Snacks, Pizza Bites",
      "price": "$5.99",
      "amount": "693 g",
      "unit": "/ea.",
      "original_price": "$7.99",
      "image_url": "https://product-images.metro.ca/images/hfe/h99/14307677667358.jpg"
    },
    {
      "store": "Food Basics",
      "name": "Light Pizza Mozzarella Cheese",
      "price": "$5.98",
      "amount": "500 g",
      "unit": "/ea.",
      "original_price": "$7.99",
      "image_url": "https://product-images.metro.ca/images/hea/hbb/15033038667806.jpg"
    }
  ],
  "nofrills": [
    {
      "store": "nofrills",
      "name": "English Cucumber",
      "price": null,
      "unit": "1 ea, $1.00/1ea",
      "original_price": null,
      "image_url": "https://digital.loblaws.ca/PCX/20070132001_EA/en/1/20070132001_en_front_v1_1200.png",
      "valid": false,
      "error": "Missing price",
      "page_url": "https://www.nofrills.ca/en/deals/flyer"
    },
    {
      "store": "nofrills",
      "name": "Red Seedless Watermelon",
      "price": "$4.99",
      "unit": "1 ea, $4.99/1ea",
      "original_price": "$5.99",
      "image_url": "https://digital.loblaws.ca/PCX/20067326001_EA/en/1/20067326001_en_front_1200.png",
      "valid": true,
      "error": "Missing",
      "page_url": "https://www.nofrills.ca/en/deals/flyer"
    },
    {
      "store": "nofrills",
      "name": "Blueberries 1 pint",
      "price": null,
      "unit": "1 ea, $0.42/100g",
      "original_price": null,
      "image_url": "https://digital.loblaws.ca/PCX/20080137001_EA/en/1/20080137001_enfr_front_1200.png",
      "valid": false,
      "error": "Missing price",
      "page_url": "https://www.nofrills.ca/en/deals/flyer"
    },
    {
      "store": "nofrills",
      "name": "Bi-Colour Corn, Corn on the Cob",
      "price": "$0.30",
      "unit": "1 ea, $0.30/1ea",
      "original_price": "$0.79",
      "image_url": "https://digital.loblaws.ca/PCX/20131170001_EA/en/1/20131170001_en_front_1200.png",
      "valid": true,
      "error": "Missing",
      "page_url": "https://www.nofrills.ca/en/deals/flyer"
    },
    {
      "store": "nofrills",
      "name": "Strawberries 1LB",
      "price": null,
      "unit": "454 g, $0.88/100g",
      "original_price": null,
      "image_url": "https://digital.loblaws.ca/PCX/20049778001_EA/en/1/20049778001_enfr_front_v1_1200.png",
      "valid": false,
      "error": "Missing price",
      "page_url": "https://www.nofrills.ca/en/deals/flyer"
    },
    {
      "store": "nofrills",
      "name": "Roma Tomatoes",
      "price": "about $0.26",
      "unit": "$2.14/1kg $0.97/1lb",
      "original_price": "$0.61",
      "image_url": "https://digital.loblaws.ca/PCX/20143381001_KG/en/1/20143381001_enfr_front_v1_1200.png",
      "valid": true,
      "error": "Missing",
      "page_url": "https://www.nofrills.ca/en/deals/flyer"
    },
    {
      "store": "nofrills",
      "name": "Yellow Onions, 3 lb Bag",
      "price": "$2.99",
      "unit": "1.36 kg, $0.22/100g",
      "original_price": "$3.49",
      "image_url": "https://digital.loblaws.ca/PCX/20811994001_EA/en/1/20811994001_en_front_1200.png",
      "valid": true,
      "error": "Missing",
      "page_url": "https://www.nofrills.ca/en/deals/flyer"
    },
    {
      "store": "nofrills",
      "name": "Romaine Heart, 3 Pack",
      "price": null,
      "unit": "3 ea, $1.16/1ea",
      "original_price": null,
      "image_url": "https://digital.loblaws.ca/PCX/20067389001_EA/en/1/20067389001_en_front_1200.png",
      "valid": false,
      "error": "Missing price",
      "page_url": "https://www.nofrills.ca/en/deals/flyer"
    },
    {
      "store": "nofrills",
      "name": "Peaches",
      "price": "$6.50",
      "unit": "3 l, $0.22/100ml",
      "original_price": "$7.99",
      "image_url": "https://digital.loblaws.ca/PCX/20826568001_EA/en/1/20826568001_en_front_v1_1200.png",
      "valid": true,
      "error": "Missing",
      "page_url": "https://www.nofrills.ca/en/deals/flyer"
    },
    {
      "store": "nofrills",
      "name": "Avocado Bag",
      "price": null,
      "unit": "1 ea, $3.99/1ea",
      "original_price": null,
      "image_url": "https://digital.loblaws.ca/PCX/21644936001_EA/en/1/21644936001_en_front_1200.png",
      "valid": false,
      "error": "Missing price",
      "page_url": "https://www.nofrills.ca/en/deals/flyer"
    },
    {
      "store": "nofrills",
      "name": "Cantaloupe",
      "price": "$1.99",
      "unit": "1 ea, $1.99/1ea",
      "original_price": "$2.99",
      "image_url": "https://digital.loblaws.ca/PCX/20167017001_EA/en/1/20167017001_en_front_1200.png",
      "valid": true,
      "error": "Missing",
      "page_url": "https://www.nofrills.ca/en/deals/flyer"
    },
    {
      "store": "nofrills",
      "name": "Zucchini",
      "price": "about $1.11",
      "unit": "$3.95/1kg $1.79/1lb",
      "original_price": "$1.54",
      "image_url": "https://digital.loblaws.ca/PCX/20426596001_KG/en/1/20426596001_en_front_1200.png",
      "valid": true,
      "error": "Missing",
      "page_url": "https://www.nofrills.ca/en/deals/flyer"
    },
    {
      "store": "nofrills",
      "name": "Broccoli Crown",
      "price": null,
      "unit": "1 ea, $1.99/1ea",
      "original_price": null,
      "image_url": "https://digital.loblaws.ca/PCX/21121560001_EA/en/1/21121560001_enfr_front_1200.png",
      "valid": false,
      "error": "Missing price",
      "page_url": "https://www.nofrills.ca/en/deals/flyer"
    },
    {
      "store": "nofrills",
      "name": "Cauliflower",
      "price": null,
      "unit": "1 ea, $3.99/1ea",
      "original_price": null,
      "image_url": "https://digital.loblaws.ca/PCX/20135377001_EA/en/1/20135377001_enfr_front_1200.png",
      "valid": false,
      "error": "Missing price",
      "page_url": "https://www.nofrills.ca/en/deals/flyer"
    },
    {
      "store": "nofrills",
      "name": "Mini Cucumbers",
      "price": null,
      "unit": "6 ea, $0.42/1ea",
      "original_price": null,
      "image_url": "https://digital.loblaws.ca/PCX/20737570001_EA/en/1/20737570001_en_front_1200.png",
      "valid": false,
      "error": "Missing price",
      "page_url": "https://www.nofrills.ca/en/deals/flyer"
    },
    {
      "store": "nofrills",
      "name": "Ginger",
      "price": "about $0.92",
      "unit": "$4.39/1kg $1.99/1lb",
      "original_price": "$1.38",
      "image_url": "https://digital.loblaws.ca/PCX/20179038001_KG/en/1/20179038001_en_front_1200.png",
      "valid": true,
      "error": "Missing",
      "page_url": "https://www.nofrills.ca/en/deals/flyer"
    },
    {
      "store": "nofrills",
      "name": "Carrots, 3 lb Bag",
      "price": null,
      "unit": "1.362 kg, $0.22/100g",
      "original_price": null,
      "image_url": "https://digital.loblaws.ca/PCX/20600927001_EA/en/1/20600927001_en_front_v1_1200.png",
      "valid": false,
      "error": "Missing price",
      "page_url": "https://www.nofrills.ca/en/deals/flyer"
    },
    {
      "store": "nofrills",
      "name": "Raspberries Half Pint",
      "price": null,
      "unit": "170 g, $2.35/100g",
      "original_price": null,
      "image_url": "https://digital.loblaws.ca/PCX/20128938001_EA/en/1/20128938001_enfr_front_1200.png",
      "valid": false,
      "error": "Missing price",
      "page_url": "https://www.nofrills.ca/en/deals/flyer"
    },
    {
      "store": "nofrills",
      "name": "Grape Tomatoes",
      "price": null,
      "unit": "283 g, $1.41/100g",
      "original_price": null,
      "image_url": "https://digital.loblaws.ca/PCX/21367888001_EA/en/1/21367888001_en_front_1200.png",
      "valid": false,
      "error": "Missing price",
      "page_url": "https://www.nofrills.ca/en/deals/flyer"
    },
    {
      "store": "nofrills",
      "name": "Sweet Baby Peppers (4-Pack)",
      "price": null,
      "unit": "1 ea, $1.00/1ea",
      "original_price": null,
      "image_url": "https://digital.loblaws.ca/PCX/20117550001_EA/en/1/20117550001_en_front_v1_1200.png",
      "valid": false,
      "error": "Missing price",
      "page_url": "https://www.nofrills.ca/en/deals/flyer"
    },
    {
      "store": "nofrills",
      "name": "Whole White Mushrooms",
      "price": null,
      "unit": "227 g, $1.10/100g",
      "original_price": null,
      "image_url": "https://digital.loblaws.ca/PCX/20776239_EA/en/1/20776239_en_front_1200.png",
      "valid": false,
      "error": "Missing price",
      "page_url": "https://www.nofrills.ca/en/deals/flyer"
    },
    {
      "store": "nofrills",
      "name": "Cabbage, Green",
      "price": null,
      "unit": "$2.18/1kg $0.99/1lb",
      "original_price": null,
      "image_url": "https://digital.loblaws.ca/PCX/20793034001_KG/en/1/20793034001_enfr_front_1200.png",
      "valid": false,
      "error": "Missing price",
      "page_url": "https://www.nofrills.ca/en/deals/flyer"
    },
    {
      "store": "nofrills",
      "name": "Pineapple",
      "price": null,
      "unit": "1 ea, $2.99/1ea",
      "original_price": null,
      "image_url": "https://digital.loblaws.ca/PCX/20160992001_EA/en/1/20160992001_en_front_1200.png",
      "valid": false,
      "error": "Missing price",
      "page_url": "https://www.nofrills.ca/en/deals/flyer"
    },
    {
      "store": "nofrills",
      "name": "Pure White Vinegar Club Size",
      "price": "$2.00",
      "unit": "4 l, $0.05/100ml",
      "original_price": "$2.29",
      "image_url": "https://digital.loblaws.ca/PCX/20102756_EA/en/1/20102756_en_front_1200.png",
      "valid": true,
      "error": "Missing",
      "page_url": "https://www.nofrills.ca/en/deals/flyer"
    },
    {
      "store": "nofrills",
      "name": "Oranges, 3 lb Bag",
      "price": null,
      "unit": "1.36 kg, $0.37/100g",
      "original_price": null,
      "image_url": "https://digital.loblaws.ca/PCX/20162945001_EA/en/1/20162945001_en_front_v1_1200.png",
      "valid": false,
      "error": "Missing price",
      "page_url": "https://www.nofrills.ca/en/deals/flyer"
    },
    {
      "store": "nofrills",
      "name": "Green Leaf Lettuce",
      "price": "$1.99",
      "unit": "1 ea, $1.99/1ea",
      "original_price": "$2.99",
      "image_url": "https://digital.loblaws.ca/PCX/20133884001_EA/en/1/20133884001_en_front_1200.png",
      "valid": true,
      "error": "Missing",
      "page_url": "https://www.nofrills.ca/en/deals/flyer"
    },
    {
      "store": "nofrills",
      "name": "Pulp Free Orange Juice",
      "price": "$6.25",
      "unit": "2.5 l, $0.25/100ml",
      "original_price": "$6.49",
      "image_url": "https://digital.loblaws.ca/PCX/21531644_EA/en/1/6038305447_enfr_front_centre_marketing_GS1_Ecommerce_1200.png",
      "valid": true,
      "error": "Missing",
      "page_url": "https://www.nofrills.ca/en/deals/flyer"
    },
    {
      "store": "nofrills",
      "name": "Smooth Peanut Butter",
      "price": "$4.97",
      "unit": "1 kg, $0.50/100g",
      "original_price": "$6.00",
      "image_url": "https://digital.loblaws.ca/PCX/20039581001_EA/en/1/20039581001_en_front_v1_1200.png",
      "valid": true,
      "error": "Missing",
      "page_url": "https://www.nofrills.ca/en/deals/flyer"
    },
    {
      "store": "nofrills",
      "name": "Original Balkan Style Plain Yogurt 6%",
      "price": "$2.97",
      "unit": "750 g, $0.40/100g",
      "original_price": "$3.50",
      "image_url": "https://digital.loblaws.ca/PCX/20165226001_EA/en/1/20165226001_en_front_1200.png",
      "valid": true,
      "error": "Missing",
      "page_url": "https://www.nofrills.ca/en/deals/flyer"
    },
    {
      "store": "nofrills",
      "name": "Green Beans",
      "price": "$0.66",
      "unit": "$0.66/100g $6.59/1kg",
      "original_price": "$0.88",
      "image_url": "https://digital.loblaws.ca/PCX/20142683001_KG/en/1/20142683001_en_front_1200.png",
      "valid": true,
      "error": "Missing",
      "page_url": "https://www.nofrills.ca/en/deals/flyer"
    },
    {
      "store": "nofrills",
      "name": "Romaine Lettuce",
      "price": "$1.99",
      "unit": "1 ea, $1.99/1ea",
      "original_price": "$3.29",
      "image_url": "https://digital.loblaws.ca/PCX/20065036001_EA/en/1/20065036001_en_front_1200.png",
      "valid": true,
      "error": "Missing",
      "page_url": "https://www.nofrills.ca/en/deals/flyer"
    },
    {
      "store": "nofrills",
      "name": "Nectarine",
      "price": null,
      "unit": "2 l, $0.30/100ml",
      "original_price": null,
      "image_url": "https://digital.loblaws.ca/PCX/20905336001_EA/en/1/20905336001_en_front_v1_1200.png",
      "valid": false,
      "error": "Missing price",
      "page_url": "https://www.nofrills.ca/en/deals/flyer"
    },
    {
      "store": "nofrills",
      "name": "Tomato Ketchup",
      "price": null,
      "unit": "1 l, $0.50/100ml",
      "original_price": null,
      "image_url": "https://digital.loblaws.ca/PCX/20069080_EA/en/1/20069080_en_front_1200.png",
      "valid": false,
      "error": "Missing price",
      "page_url": "https://www.nofrills.ca/en/deals/flyer"
    },
    {
      "store": "nofrills",
      "name": "Sour Cream, Regular 14%",
      "price": "$2.50",
      "unit": "500 ml, $0.50/100ml",
      "original_price": "$3.19",
      "image_url": "https://digital.loblaws.ca/PCX/20317536001_EA/en/1/6601314160_en_front_centre_marketing_GS1_Ecommerce_1200.png",
      "valid": true,
      "error": "Missing",
      "page_url": "https://www.nofrills.ca/en/deals/flyer"
    },
    {
      "store": "nofrills",
      "name": "Everything Bagels",
      "price": "$1.99",
      "unit": "510 g, $0.39/100g",
      "original_price": "$2.29",
      "image_url": "https://digital.loblaws.ca/PCX/21297831_EA/en/1/21297831_en_front_1200.png",
      "valid": true,
      "error": "Missing",
      "page_url": "https://www.nofrills.ca/en/deals/flyer"
    },
    {
      "store": "nofrills",
      "name": "Wax Beans",
      "price": "$0.66",
      "unit": "$0.66/100g $6.59/1kg",
      "original_price": "$0.88",
      "image_url": "https://digital.loblaws.ca/PCX/20098126001_KG/en/1/20098126001_en_front_1200.png",
      "valid": true,
      "error": "Missing",
      "page_url": "https://www.nofrills.ca/en/deals/flyer"
    },
    {
      "store": "nofrills",
      "name": "Bagel Plain, 6 Pack",
      "price": "$1.99",
      "unit": "510 g, $0.39/100g",
      "original_price": "$2.29",
      "image_url": "https://digital.loblaws.ca/PCX/21297816_EA/en/1/21297816_en_front_1200.png",
      "valid": true,
      "error": "Missing",
      "page_url": "https://www.nofrills.ca/en/deals/flyer"
    },
    {
      "store": "nofrills",
      "name": "Long Eggplants",
      "price": "about $1.10",
      "unit": "$4.39/1kg $1.99/1lb",
      "original_price": "$1.26",
      "image_url": "https://digital.loblaws.ca/PCX/20159013001_KG/en/1/20159013001_en_front_1200.png",
      "valid": true,
      "error": "Missing",
      "page_url": "https://www.nofrills.ca/en/deals/flyer"
    },
    {
      "store": "nofrills",
      "name": "Original English Muffins",
      "price": "$1.99",
      "unit": "342 g, $0.58/100g",
      "original_price": "$2.29",
      "image_url": "https://digital.loblaws.ca/PCX/21297780_EA/en/1/21297780_en_front_1200.png",
      "valid": true,
      "error": "Missing",
      "page_url": "https://www.nofrills.ca/en/deals/flyer"
    },
    {
      "store": "nofrills",
      "name": "Original Bread",
      "price": null,
      "unit": "675 g, $0.29/100g",
      "original_price": null,
      "image_url": "https://digital.loblaws.ca/PCX/21509822_EA/en/1/21509822_en_front_1200.png",
      "valid": false,
      "error": "Missing price",
      "page_url": "https://www.nofrills.ca/en/deals/flyer"
    },
    {
      "store": "nofrills",
      "name": "Canadian Collection Almonds & Milk Chocolate Ice Cream Bar",
      "price": null,
      "unit": "8x55.0 ml, $0.91/100ml",
      "original_price": null,
      "image_url": "https://digital.loblaws.ca/PCX/20323757001_EA/en/1/20323757001_enfr_front_1200.png",
      "valid": false,
      "error": "Missing price",
      "page_url": "https://www.nofrills.ca/en/deals/flyer"
    },
    {
      "store": "nofrills",
      "name": "Butter Croissant",
      "price": "$3.99",
      "unit": "270 g, $1.48/100g",
      "original_price": "$5.50",
      "image_url": "https://digital.loblaws.ca/PCX/20975943_EA/en/1/20975943_en_front_1200.png",
      "valid": true,
      "error": "Missing",
      "page_url": "https://www.nofrills.ca/en/deals/flyer"
    },
    {
      "store": "nofrills",
      "name": "Mango Case",
      "price": null,
      "unit": "1 ea, $9.99/1ea",
      "original_price": null,
      "image_url": "https://digital.loblaws.ca/PCX/21047849_C01/en/1/21047849_en_front_1200.png",
      "valid": false,
      "error": "Missing price",
      "page_url": "https://www.nofrills.ca/en/deals/flyer"
    },
    {
      "store": "nofrills",
      "name": "RITZ Original Crackers, Rich and buttery tasting, flaky, melt in your mouth crackers",
      "price": null,
      "unit": "180 g, $1.39/100g",
      "original_price": null,
      "image_url": "https://digital.loblaws.ca/PCX/21547034_EA/en/1/21547034_en_front_v1_1200.png",
      "valid": false,
      "error": "Missing price",
      "page_url": "https://www.nofrills.ca/en/deals/flyer"
    },
    {
      "store": "nofrills",
      "name": "Cola Cans",
      "price": "$12.99",
      "unit": "24x355.0 ml, $0.15/100ml",
      "original_price": "$13.99",
      "image_url": "https://digital.loblaws.ca/PCX/20308197001_C24/en/1/20308197001_en_front_1200.png",
      "valid": true,
      "error": "Missing",
      "page_url": "https://www.nofrills.ca/en/deals/flyer"
    },
    {
      "store": "nofrills",
      "name": "Original Toilet Paper, 15 Equal 30 Rolls, 242 Bathroom Tissues per roll",
      "price": "$6.99",
      "unit": "1 ea, $6.99/1ea",
      "original_price": "$13.49",
      "image_url": "https://digital.loblaws.ca/PCX/21572800_EA/en/1/21572800_en_front_v1_1200.png",
      "valid": true,
      "error": "Missing",
      "page_url": "https://www.nofrills.ca/en/deals/flyer"
    },
    {
      "store": "nofrills",
      "name": "Smoked Black Forest Ham Slices",
      "price": null,
      "unit": "175 g, $2.00/100g",
      "original_price": null,
      "image_url": "https://digital.loblaws.ca/PCX/21592461_EA/en/1/21592461_enfr_front_v1_1200.png",
      "valid": false,
      "error": "Missing price",
      "page_url": "https://www.nofrills.ca/en/deals/flyer"
    },
    {
      "store": "nofrills",
      "name": "Orange Juice with Pulp",
      "price": "$6.25",
      "unit": "2.5 l, $0.25/100ml",
      "original_price": "$6.49",
      "image_url": "https://digital.loblaws.ca/PCX/21531646_EA/en/1/6038305445_enfr_front_centre_marketing_GS1_Ecommerce_1200.png",
      "valid": true,
      "error": "Missing",
      "page_url": "https://www.nofrills.ca/en/deals/flyer"
    },
    {
      "store": "nofrills",
      "name": "OREO, Original Chocolate Sandwich Cookies, Packable, snackable, and forever dunk-able",
      "price": null,
      "unit": "270 g, $0.93/100g",
      "original_price": null,
      "image_url": "https://digital.loblaws.ca/PCX/21358407_EA/en/1/21358407_enfr_front_v1_1200.png",
      "valid": false,
      "error": "Missing price",
      "page_url": "https://www.nofrills.ca/en/deals/flyer?page=2"
    },
    {
      "store": "nofrills",
      "name": "Wagon Wheels Original Cookies",
      "price": "$1.75",
      "unit": "315 g, $0.56/100g",
      "original_price": "$2.50",
      "image_url": "https://digital.loblaws.ca/PCX/20419986001_EA/en/1/6334816544_en_front_centre_marketing_GS1_Ecommerce_1200.png",
      "valid": true,
      "error": "Missing",
      "page_url": "https://www.nofrills.ca/en/deals/flyer?page=2"
    },
    {
      "store": "nofrills",
      "name": "Hot Dog Buns",
      "price": "$1.99",
      "unit": "344 g, $0.58/100g",
      "original_price": "$2.50",
      "image_url": "https://digital.loblaws.ca/PCX/21509514_EA/en/1/21509514_en_front_1200.png",
      "valid": true,
      "error": "Missing",
      "page_url": "https://www.nofrills.ca/en/deals/flyer?page=2"
    },
    {
      "store": "nofrills",
      "name": "Whole Cremini Mushrooms",
      "price": null,
      "unit": "227 g, $1.10/100g",
      "original_price": null,
      "image_url": "https://digital.loblaws.ca/PCX/20775805_EA/en/1/20775805_en_front_1200.png",
      "valid": false,
      "error": "Missing price",
      "page_url": "https://www.nofrills.ca/en/deals/flyer?page=2"
    },
    {
      "store": "nofrills",
      "name": "Pepsi Cans",
      "price": "$12.99",
      "unit": "24x355.0 ml, $0.15/100ml",
      "original_price": "$13.99",
      "image_url": "https://digital.loblaws.ca/PCX/20306687002_C24/en/1/20306687002_en_front_1200.png",
      "valid": true,
      "error": "Missing",
      "page_url": "https://www.nofrills.ca/en/deals/flyer?page=2"
    },
    {
      "store": "nofrills",
      "name": "Pepperoni, Sliced",
      "price": "$3.50",
      "unit": "250 g, $18.00/1kg $1.80/100g",
      "original_price": null,
      "image_url": "https://digital.loblaws.ca/PCX/20042333_EA/en/1/6940101447_enfr_front_centre_marketing_GS1_Ecommerce_1200.png",
      "valid": true,
      "error": "Missing",
      "page_url": "https://www.nofrills.ca/en/deals/flyer?page=2"
    },
    {
      "store": "nofrills",
      "name": "Double Rolls Paper Towels 6 Pack",
      "price": "$5.00",
      "unit": "6 ea, $0.83/1ea",
      "original_price": "$6.49",
      "image_url": "https://digital.loblaws.ca/PCX/21636318_EA/en/1/21636318_enfr_front_v1_1200.png",
      "valid": true,
      "error": "Missing",
      "page_url": "https://www.nofrills.ca/en/deals/flyer?page=2"
    },
    {
      "store": "nofrills",
      "name": "Tiger Strong Paper Towel, 3 Equal 6 Rolls, 98 Sheets per Roll",
      "price": null,
      "unit": "3x98.0 ea, $2.33/1ea",
      "original_price": null,
      "image_url": "https://digital.loblaws.ca/PCX/21484702_EA/en/1/21484702_enfr_front_v1_1200.png",
      "valid": false,
      "error": "Missing price",
      "page_url": "https://www.nofrills.ca/en/deals/flyer?page=2"
    },
    {
      "store": "nofrills",
      "name": "Sesame Seed Bagels",
      "price": "$1.99",
      "unit": "510 g, $0.39/100g",
      "original_price": "$2.29",
      "image_url": "https://digital.loblaws.ca/PCX/21297778_EA/en/1/21297778_en_front_1200.png",
      "valid": true,
      "error": "Missing",
      "page_url": "https://www.nofrills.ca/en/deals/flyer?page=2"
    },
    {
      "store": "nofrills",
      "name": "Original Cream Cheese Product",
      "price": null,
      "unit": "340 g, $1.46/100g",
      "original_price": null,
      "image_url": "https://digital.loblaws.ca/PCX/20866929002_EA/en/1/20866929002_enfr_front_v1_1200.png",
      "valid": false,
      "error": "Missing price",
      "page_url": "https://www.nofrills.ca/en/deals/flyer?page=2"
    },
    {
      "store": "nofrills",
      "name": "Original Facial Tissue, 6 Flat Boxes, 100 Tissues per box",
      "price": null,
      "unit": "6x1.0 ea, $0.02/1ea",
      "original_price": null,
      "image_url": "https://digital.loblaws.ca/PCX/20702419_EA/en/1/20702419_enfr_front_v1_1200.png",
      "valid": false,
      "error": "Missing price",
      "page_url": "https://www.nofrills.ca/en/deals/flyer?page=2"
    },
    {
      "store": "nofrills",
      "name": "Hamburger Buns",
      "price": "$1.99",
      "unit": "360 g, $0.55/100g",
      "original_price": "$2.50",
      "image_url": "https://digital.loblaws.ca/PCX/21509434_EA/en/1/21509434_en_front_1200.png",
      "valid": true,
      "error": "Missing",
      "page_url": "https://www.nofrills.ca/en/deals/flyer?page=2"
    },
    {
      "store": "nofrills",
      "name": "Tomato Field Basket",
      "price": "$5.00",
      "unit": "3 l, $0.17/100ml",
      "original_price": "$6.00",
      "image_url": "https://digital.loblaws.ca/PCX/20006556_EA/en/1/20006556_en_front_1200.png",
      "valid": true,
      "error": "Missing",
      "page_url": "https://www.nofrills.ca/en/deals/flyer?page=2"
    },
    {
      "store": "nofrills",
      "name": "Sweet Green Relish",
      "price": null,
      "unit": "375 ml, $0.40/100ml",
      "original_price": null,
      "image_url": "https://digital.loblaws.ca/PCX/20174360002_EA/en/1/20174360002_en_front_1200.png",
      "valid": false,
      "error": "Missing price",
      "page_url": "https://www.nofrills.ca/en/deals/flyer?page=2"
    },
    {
      "store": "nofrills",
      "name": "Red Leaf Lettuce",
      "price": "$1.99",
      "unit": "1 ea, $1.99/1ea",
      "original_price": "$2.99",
      "image_url": "https://digital.loblaws.ca/PCX/20305726001_EA/en/1/20305726001_en_front_1200.png",
      "valid": true,
      "error": "Missing",
      "page_url": "https://www.nofrills.ca/en/deals/flyer?page=2"
    },
    {
      "store": "nofrills",
      "name": "Coffee Creamer, French Vanilla",
      "price": "$3.88",
      "unit": "946 ml, $0.41/100ml",
      "original_price": "$5.00",
      "image_url": "https://digital.loblaws.ca/PCX/20895480002_EA/en/1/20895480002_en_front_v1_1200.png",
      "valid": true,
      "error": "Missing",
      "page_url": "https://www.nofrills.ca/en/deals/flyer?page=2"
    },
    {
      "store": "nofrills",
      "name": "Extra Lean Boneless Skinless Chicken Breasts",
      "price": null,
      "unit": "841 g, $1.78/100g",
      "original_price": null,
      "image_url": "https://digital.loblaws.ca/PCX/21606270_EA/en/1/21606270_enfr_front_v3_1200.png",
      "valid": false,
      "error": "Missing price",
      "page_url": "https://www.nofrills.ca/en/deals/flyer?page=2"
    },
    {
      "store": "nofrills",
      "name": "Tomato Ketchup",
      "price": null,
      "unit": "750 ml, $0.67/100ml",
      "original_price": null,
      "image_url": "https://digital.loblaws.ca/PCX/20115102001_EA/en/1/20115102001_enfr_front_v1_1200.png",
      "valid": false,
      "error": "Missing price",
      "page_url": "https://www.nofrills.ca/en/deals/flyer?page=2"
    },
    {
      "store": "nofrills",
      "name": "Resealable Sandwich Bags",
      "price": null,
      "unit": "100 ea, $0.03/1ea",
      "original_price": null,
      "image_url": "https://digital.loblaws.ca/PCX/20180393_EA/en/1/6038385739_en_front_centre_marketing_GS1_Ecommerce_1200.png",
      "valid": false,
      "error": "Missing price",
      "page_url": "https://www.nofrills.ca/en/deals/flyer?page=2"
    },
    {
      "store": "nofrills",
      "name": "Canadian Collection Vanilla & Milk Chocolate Ice Cream Bar",
      "price": null,
      "unit": "8x55.0 ml, $0.91/100ml",
      "original_price": null,
      "image_url": "https://digital.loblaws.ca/PCX/20323757004_EA/en/1/20323757004_enfr_front_1200.png",
      "valid": false,
      "error": "Missing price",
      "page_url": "https://www.nofrills.ca/en/deals/flyer?page=2"
    },
    {
      "store": "nofrills",
      "name": "CHIPS AHOY! Original Chocolate Chip Cookies, Resealable Pack",
      "price": null,
      "unit": "258 g, $0.97/100g",
      "original_price": null,
      "image_url": "https://digital.loblaws.ca/PCX/21361508_EA/en/1/21361508_en_front_1200.png",
      "valid": false,
      "error": "Missing price",
      "page_url": "https://www.nofrills.ca/en/deals/flyer?page=2"
    },
    {
      "store": "nofrills",
      "name": "Cinnamon Raisin Bread",
      "price": "$2.49",
      "unit": "600 g, $0.42/100g",
      "original_price": "$3.99",
      "image_url": "https://digital.loblaws.ca/PCX/21178967_EA/en/1/21178967_enfr_front_v1_1200.png",
      "valid": true,
      "error": "Missing",
      "page_url": "https://www.nofrills.ca/en/deals/flyer?page=2"
    },
    {
      "store": "nofrills",
      "name": "Dill Pickle Chopped Salad Kit",
      "price": "$4.99",
      "unit": "341 g, $1.50/100g",
      "original_price": "$5.99",
      "image_url": "https://digital.loblaws.ca/PCX/21335159_EA/en/1/21335159_en_front_v1_1200.png",
      "valid": true,
      "error": "Missing",
      "page_url": "https://www.nofrills.ca/en/deals/flyer?page=2"
    },
    {
      "store": "nofrills",
      "name": "Instant Mi Goreng Fried Noodles",
      "price": null,
      "unit": "5x85.0 g, $0.77/100g",
      "original_price": null,
      "image_url": "https://digital.loblaws.ca/PCX/20686719_EA/en/1/20686719_en_front_1200.png",
      "valid": false,
      "error": "Missing price",
      "page_url": "https://www.nofrills.ca/en/deals/flyer?page=2"
    },
    {
      "store": "nofrills",
      "name": "Velour Toilet Paper, 15 Equal 30 Rolls, 142 Bathroom Tissues per roll",
      "price": "$6.99",
      "unit": "15 ea, $0.47/1ea",
      "original_price": "$13.49",
      "image_url": "https://digital.loblaws.ca/PCX/21187145_EA/en/1/21187145_en_front_1200.png",
      "valid": true,
      "error": "Missing",
      "page_url": "https://www.nofrills.ca/en/deals/flyer?page=2"
    },
    {
      "store": "nofrills",
      "name": "Almond Milk Alternative, Unsweetened, Dairy Free",
      "price": "$3.75",
      "unit": "1.89 l, $0.20/100ml",
      "original_price": "$4.00",
      "image_url": "https://digital.loblaws.ca/PCX/20328231002_EA/en/1/20328231002_en_front_1200.png",
      "valid": true,
      "error": "Missing",
      "page_url": "https://www.nofrills.ca/en/deals/flyer?page=2"
    },
    {
      "store": "nofrills",
      "name": "Whole Grain & Protein Blend Bread",
      "price": "$2.49",
      "unit": "600 g, $0.42/100g",
      "original_price": "$3.99",
      "image_url": "https://digital.loblaws.ca/PCX/21429067_EA/en/1/21429067_en_front_v1_1200.png",
      "valid": true,
      "error": "Missing",
      "page_url": "https://www.nofrills.ca/en/deals/flyer?page=2"
    },
    {
      "store": "nofrills",
      "name": "Viva Puffs Raspberry Cookies",
      "price": "$1.75",
      "unit": "300 g, $0.58/100g",
      "original_price": "$2.50",
      "image_url": "https://digital.loblaws.ca/PCX/20025850002_EA/en/1/20025850002_en_front_1200.png",
      "valid": true,
      "error": "Missing",
      "page_url": "https://www.nofrills.ca/en/deals/flyer?page=2"
    },
    {
      "store": "nofrills",
      "name": "Double Rolls Bathroom Tissue 12 Pack",
      "price": "$5.00",
      "unit": "12 ea, $0.42/1ea",
      "original_price": "$6.00",
      "image_url": "https://digital.loblaws.ca/PCX/21624748_EA/en/1/21624748_enfr_front_v1_1200.png",
      "valid": true,
      "error": "Missing",
      "page_url": "https://www.nofrills.ca/en/deals/flyer?page=2"
    },
    {
      "store": "nofrills",
      "name": "Feta Cheese",
      "price": "$5.00",
      "unit": "200 g, $2.50/100g",
      "original_price": "$7.49",
      "image_url": "https://digital.loblaws.ca/PCX/20573975_EA/en/1/20573975_en_front_1200.png",
      "valid": true,
      "error": "Missing",
      "page_url": "https://www.nofrills.ca/en/deals/flyer?page=2"
    },
    {
      "store": "nofrills",
      "name": "PūrFiltre Milk 2% Partly Skimmed",
      "price": "$4.00",
      "unit": "2 l, $0.20/100ml",
      "original_price": "$5.80",
      "image_url": "https://digital.loblaws.ca/PCX/21424991_EA/en/1/21424991_enfr_front_v1_1200.png",
      "valid": true,
      "error": "Missing",
      "page_url": "https://www.nofrills.ca/en/deals/flyer?page=2"
    },
    {
      "store": "nofrills",
      "name": "Butter Croissants Mini",
      "price": "$3.99",
      "unit": "336 g, $1.19/100g",
      "original_price": "$5.50",
      "image_url": "https://digital.loblaws.ca/PCX/21032805_EA/en/1/21032805_en_front_1200.png",
      "valid": true,
      "error": "Missing",
      "page_url": "https://www.nofrills.ca/en/deals/flyer?page=2"
    },
    {
      "store": "nofrills",
      "name": "Crunchy Peanut Butter",
      "price": "$4.97",
      "unit": "1 kg, $0.50/100g",
      "original_price": "$6.00",
      "image_url": "https://digital.loblaws.ca/PCX/20039581005_EA/en/1/20039581005_en_front_1200.png",
      "valid": true,
      "error": "Missing",
      "page_url": "https://www.nofrills.ca/en/deals/flyer?page=2"
    },
    {
      "store": "nofrills",
      "name": "Pacific White Shrimp Raw 16-20/LB",
      "price": null,
      "unit": "300 g, $2.33/100g",
      "original_price": null,
      "image_url": "https://digital.loblaws.ca/PCX/21043887_EA/en/1/21043887_en_front_1200.png",
      "valid": false,
      "error": "Missing price",
      "page_url": "https://www.nofrills.ca/en/deals/flyer?page=2"
    },
    {
      "store": "nofrills",
      "name": "Cola Bottle",
      "price": "$1.00",
      "unit": "1 l, $0.10/100ml",
      "original_price": "$1.89",
      "image_url": "https://digital.loblaws.ca/PCX/20299050_EA/en/1/20299050_en_front_v1_1200.png",
      "valid": true,
      "error": "Missing",
      "page_url": "https://www.nofrills.ca/en/deals/flyer?page=2"
    },
    {
      "store": "nofrills",
      "name": "Vegetable Cocktail",
      "price": "$2.00",
      "unit": "6x156.0 ml, $0.21/100ml",
      "original_price": "$4.49",
      "image_url": "https://digital.loblaws.ca/PCX/20297564002_EA/en/1/20297564002_enfr_front_1200.png",
      "valid": true,
      "error": "Missing",
      "page_url": "https://www.nofrills.ca/en/deals/flyer?page=2"
    },
    {
      "store": "nofrills",
      "name": "Coffee Creamer, Hazelnut",
      "price": "$3.88",
      "unit": "946 ml, $0.41/100ml",
      "original_price": "$5.00",
      "image_url": "https://digital.loblaws.ca/PCX/20895480003_EA/en/1/20895480003_en_front_v1_1200.png",
      "valid": true,
      "error": "Missing",
      "page_url": "https://www.nofrills.ca/en/deals/flyer?page=2"
    },
    {
      "store": "nofrills",
      "name": "Fresh Salmon",
      "price": "about $12.53",
      "unit": "$19.82/1kg $8.99/1lb",
      "original_price": "$19.49",
      "image_url": "https://digital.loblaws.ca/PCX/20339767_KG/en/1/20339767_en_front_1200.png",
      "valid": true,
      "error": "Missing",
      "page_url": "https://www.nofrills.ca/en/deals/flyer?page=2"
    },
    {
      "store": "nofrills",
      "name": "Baby Bok Choy",
      "price": "about $2.90",
      "unit": "$4.39/1kg $1.99/1lb",
      "original_price": "$3.62",
      "image_url": "https://digital.loblaws.ca/PCX/20082279001_KG/en/1/20082279001_en_front_1200.png",
      "valid": true,
      "error": "Missing",
      "page_url": "https://www.nofrills.ca/en/deals/flyer?page=2"
    },
    {
      "store": "nofrills",
      "name": "TRISCUIT Original Crackers",
      "price": null,
      "unit": "200 g, $1.25/100g",
      "original_price": null,
      "image_url": "https://digital.loblaws.ca/PCX/21030647_EA/en/1/21030647_en_front_1200.png",
      "valid": false,
      "error": "Missing price",
      "page_url": "https://www.nofrills.ca/en/deals/flyer?page=2"
    },
    {
      "store": "nofrills",
      "name": "Cucumber Dill Basket",
      "price": "$5.00",
      "unit": "3 l, $0.17/100ml",
      "original_price": "$5.99",
      "image_url": "https://digital.loblaws.ca/PCX/20062076001_EA/en/1/20062076001_en_front_1200.png",
      "valid": true,
      "error": "Missing",
      "page_url": "https://www.nofrills.ca/en/deals/flyer?page=2"
    },
    {
      "store": "nofrills",
      "name": "DAIRY MILK, Original Chocolate Bar",
      "price": null,
      "unit": "90 g, $3.33/100g",
      "original_price": "$3.29",
      "image_url": "https://digital.loblaws.ca/PCX/21648577_EA/en/1/21648577_enfr_front_1200.png",
      "valid": false,
      "error": "Missing price",
      "page_url": "https://www.nofrills.ca/en/deals/flyer?page=2"
    },
    {
      "store": "nofrills",
      "name": "Smooth Light Peanut Butter",
      "price": "$4.97",
      "unit": "1 kg, $0.50/100g",
      "original_price": "$6.00",
      "image_url": "https://digital.loblaws.ca/PCX/20039581003_EA/en/1/20039581003_enfr_front_v1_1200.png",
      "valid": true,
      "error": "Missing",
      "page_url": "https://www.nofrills.ca/en/deals/flyer?page=2"
    },
    {
      "store": "nofrills",
      "name": "Yop 1% Drinkable Yogurt, Strawberry, Yogurt Drink",
      "price": null,
      "unit": "200 ml, $0.50/100ml",
      "original_price": null,
      "image_url": "https://digital.loblaws.ca/PCX/21478178_EA/en/1/21478178_en_front_1200.png",
      "valid": false,
      "error": "Missing price",
      "page_url": "https://www.nofrills.ca/en/deals/flyer?page=2"
    },
    {
      "store": "nofrills",
      "name": "Chicken Souvlaki, Value Pack",
      "price": "$10.00",
      "unit": "480 g, $2.08/100g",
      "original_price": "$14.49",
      "image_url": "https://digital.loblaws.ca/PCX/21041735_EA/en/1/62790715925_enfr_front_centre_marketing_GS1_Ecommerce_1200.png",
      "valid": true,
      "error": "Missing",
      "page_url": "https://www.nofrills.ca/en/deals/flyer?page=2"
    },
    {
      "store": "nofrills",
      "name": "Pretzel Crisps, Original",
      "price": "$5.00",
      "unit": "200 g, $2.50/100g",
      "original_price": "$5.79",
      "image_url": "https://digital.loblaws.ca/PCX/20948940_EA/en/1/20948940_en_front_1200.png",
      "valid": true,
      "error": "Missing",
      "page_url": "https://www.nofrills.ca/en/deals/flyer?page=2"
    },
    {
      "store": "nofrills",
      "name": "Yellow Zucchini",
      "price": "about $1.07",
      "unit": "$3.95/1kg $1.79/1lb",
      "original_price": "$1.48",
      "image_url": "https://digital.loblaws.ca/PCX/20148363001_KG/en/1/20148363001_en_front_1200.png",
      "valid": true,
      "error": "Missing",
      "page_url": "https://www.nofrills.ca/en/deals/flyer?page=2"
    },
    {
      "store": "nofrills",
      "name": "Bagel Cinnamon Raisin, 6 pack",
      "price": "$1.99",
      "unit": "510 g, $0.39/100g",
      "original_price": "$2.29",
      "image_url": "https://digital.loblaws.ca/PCX/21297784_EA/en/1/21297784_en_front_1200.png",
      "valid": true,
      "error": "Missing",
      "page_url": "https://www.nofrills.ca/en/deals/flyer?page=2"
    },
    {
      "store": "nofrills",
      "name": "Sweet Kale Salad Kit",
      "price": "$4.99",
      "unit": "340 g, $1.47/100g",
      "original_price": "$5.99",
      "image_url": "https://digital.loblaws.ca/PCX/20674118_EA/en/1/20674118_en_front_1200.png",
      "valid": true,
      "error": "Missing",
      "page_url": "https://www.nofrills.ca/en/deals/flyer?page=3"
    },
    {
      "store": "nofrills",
      "name": "Iced Tea Lemon",
      "price": "$7.00",
      "unit": "12x341.0 ml, $0.17/100ml",
      "original_price": "$8.00",
      "image_url": "https://digital.loblaws.ca/PCX/21645563_C12/en/1/21645563_en_front_1200.png",
      "valid": true,
      "error": "Missing",
      "page_url": "https://www.nofrills.ca/en/deals/flyer?page=3"
    },
    {
      "store": "nofrills",
      "name": "Viva Puffs Strawberry Cookies",
      "price": "$1.75",
      "unit": "300 g, $0.58/100g",
      "original_price": "$2.50",
      "image_url": "https://digital.loblaws.ca/PCX/20025850001_EA/en/1/20025850001_en_front_1200.png",
      "valid": true,
      "error": "Missing",
      "page_url": "https://www.nofrills.ca/en/deals/flyer?page=3"
    },
    {
      "store": "nofrills",
      "name": "Flax & Quinoa Bread",
      "price": "$2.49",
      "unit": "600 g, $0.42/100g",
      "original_price": "$3.99",
      "image_url": "https://digital.loblaws.ca/PCX/21428983_EA/en/1/21428983_enfr_front_v1_1200.png",
      "valid": true,
      "error": "Missing",
      "page_url": "https://www.nofrills.ca/en/deals/flyer?page=3"
    },
    {
      "store": "nofrills",
      "name": "FlavourCrisp Classic Fries",
      "price": "$3.00",
      "unit": "750 g, $0.40/100g",
      "original_price": "$3.50",
      "image_url": "https://digital.loblaws.ca/PCX/20729779_EA/en/1/20729779_enfr_front_v2_1200.png",
      "valid": true,
      "error": "Missing",
      "page_url": "https://www.nofrills.ca/en/deals/flyer?page=3"
    },
    {
      "store": "nofrills",
      "name": "RITZ Bits Sandwiches Cheese Flavoured, Limited Edition Disney Packaging – while supplies last, Snack Crackers",
      "price": null,
      "unit": "180 g, $1.39/100g",
      "original_price": null,
      "image_url": "https://digital.loblaws.ca/PCX/20686003_EA/en/1/20686003_en_front_v2_1200.png",
      "valid": false,
      "error": "Missing price",
      "page_url": "https://www.nofrills.ca/en/deals/flyer?page=3"
    },
    {
      "store": "nofrills",
      "name": "Everything Bread",
      "price": "$2.49",
      "unit": "600 g, $0.42/100g",
      "original_price": "$3.99",
      "image_url": "https://digital.loblaws.ca/PCX/21433366_EA/en/1/21433366_en_front_1200.png",
      "valid": true,
      "error": "Missing",
      "page_url": "https://www.nofrills.ca/en/deals/flyer?page=3"
    },
    {
      "store": "nofrills",
      "name": "Lime Sparkling Water Beverage, 12 Pack",
      "price": null,
      "unit": "12x355.0 ml, $0.15/100ml",
      "original_price": null,
      "image_url": "https://digital.loblaws.ca/PCX/21097177_C12/en/1/21097177_en_front_v1_1200.png",
      "valid": false,
      "error": "Missing price",
      "page_url": "https://www.nofrills.ca/en/deals/flyer?page=3"
    },
    {
      "store": "nofrills",
      "name": "Smoked Turkey Breast Slices",
      "price": null,
      "unit": "175 g, $2.00/100g",
      "original_price": null,
      "image_url": "https://digital.loblaws.ca/PCX/21590279_EA/en/1/21590279_enfr_front_v1_1200.png",
      "valid": false,
      "error": "Missing price",
      "page_url": "https://www.nofrills.ca/en/deals/flyer?page=3"
    },
    {
      "store": "nofrills",
      "name": "Rice Krispies Cereal",
      "price": "$3.50",
      "unit": "340 g, $1.03/100g",
      "original_price": "$5.00",
      "image_url": "https://digital.loblaws.ca/PCX/21450814_EA/en/1/6410014450_en_front_centre_marketing_1_GS1_Ecommerce_1200.png",
      "valid": true,
      "error": "Missing",
      "page_url": "https://www.nofrills.ca/en/deals/flyer?page=3"
    },
    {
      "store": "nofrills",
      "name": "OREO Double Stuf Sandwich Cookies",
      "price": null,
      "unit": "261 g, $0.96/100g",
      "original_price": null,
      "image_url": "https://digital.loblaws.ca/PCX/21358406_EA/en/1/21358406_enfr_front_1200.png",
      "valid": false,
      "error": "Missing price",
      "page_url": "https://www.nofrills.ca/en/deals/flyer?page=3"
    },
    {
      "store": "nofrills",
      "name": "Yop 1% Drinkable Yogurt, Strawberry Banana, Yogurt Drink",
      "price": null,
      "unit": "200 ml, $0.50/100ml",
      "original_price": null,
      "image_url": "https://digital.loblaws.ca/PCX/21477986_EA/en/1/21477986_en_front_1200.png",
      "valid": false,
      "error": "Missing price",
      "page_url": "https://www.nofrills.ca/en/deals/flyer?page=3"
    },
    {
      "store": "nofrills",
      "name": "Smoked Honey Maple Ham",
      "price": null,
      "unit": "175 g, $2.00/100g",
      "original_price": null,
      "image_url": "https://digital.loblaws.ca/PCX/21592377_EA/en/1/21592377_enfr_front_v1_1200.png",
      "valid": false,
      "error": "Missing price",
      "page_url": "https://www.nofrills.ca/en/deals/flyer?page=3"
    },
    {
      "store": "nofrills",
      "name": "Ground Chicken",
      "price": null,
      "unit": "454 g, $0.66/100g",
      "original_price": null,
      "image_url": "https://digital.loblaws.ca/PCX/21551582_EA/en/1/21551582_en_front_1200.png",
      "valid": false,
      "error": "Missing price",
      "page_url": "https://www.nofrills.ca/en/deals/flyer?page=3"
    },
    {
      "store": "nofrills",
      "name": "Triple Cheddar Shredded Cheese Blend",
      "price": null,
      "unit": "320 g, $1.97/100g",
      "original_price": null,
      "image_url": "https://digital.loblaws.ca/PCX/21060183_EA/en/1/21060183_en_front_1200.png",
      "valid": false,
      "error": "Missing price",
      "page_url": "https://www.nofrills.ca/en/deals/flyer?page=3"
    },
    {
      "store": "nofrills",
      "name": "Crispy Minis Original Large Brown Rice Cakes",
      "price": "$2.50",
      "unit": "127 g, $1.97/100g",
      "original_price": "$2.79",
      "image_url": "https://digital.loblaws.ca/PCX/20163708002_EA/en/1/20163708002_en_front_1200.png",
      "valid": true,
      "error": "Missing",
      "page_url": "https://www.nofrills.ca/en/deals/flyer?page=3"
    },
    {
      "store": "nofrills",
      "name": "Rancher's Choice Salad Dressing",
      "price": null,
      "unit": "425 ml, $0.71/100ml",
      "original_price": null,
      "image_url": "https://digital.loblaws.ca/PCX/21584850_EA/en/1/21584850_enfr_front_v2_1200.png",
      "valid": false,
      "error": "Missing price",
      "page_url": "https://www.nofrills.ca/en/deals/flyer?page=3"
    },
    {
      "store": "nofrills",
      "name": "Wagon Wheels Raspberry Cookies",
      "price": "$1.75",
      "unit": "360 g, $0.49/100g",
      "original_price": "$2.99",
      "image_url": "https://digital.loblaws.ca/PCX/20419986003_EA/en/1/6334816541_en_front_centre_marketing_GS1_Ecommerce_1200.png",
      "valid": true,
      "error": "Missing",
      "page_url": "https://www.nofrills.ca/en/deals/flyer?page=3"
    },
    {
      "store": "nofrills",
      "name": "Soy Milk Alternative, Unsweetened, Dairy Free, 8g of Protein",
      "price": "$3.75",
      "unit": "1.89 l, $0.20/100ml",
      "original_price": "$4.00",
      "image_url": "https://digital.loblaws.ca/PCX/20308979_EA/en/1/20308979_en_front_v1_1200.png",
      "valid": true,
      "error": "Missing",
      "page_url": "https://www.nofrills.ca/en/deals/flyer?page=3"
    },
    {
      "store": "nofrills",
      "name": "Paneer",
      "price": "$4.50",
      "unit": "341 g, $1.32/100g",
      "original_price": "$5.99",
      "image_url": "https://digital.loblaws.ca/PCX/21286158_EA/en/1/79767771820_enfr_front_centre_marketing_GS1_Ecommerce_1200.png",
      "valid": true,
      "error": "Missing",
      "page_url": "https://www.nofrills.ca/en/deals/flyer?page=3"
    },
    {
      "store": "nofrills",
      "name": "Black Raspberry Sparkling Water",
      "price": "$1.00",
      "unit": "503 ml, $0.20/100ml",
      "original_price": "$1.29",
      "image_url": "https://digital.loblaws.ca/PCX/20885450001_EA/en/1/20885450001_en_front_v1_1200.png",
      "valid": true,
      "error": "Missing",
      "page_url": "https://www.nofrills.ca/en/deals/flyer?page=3"
    },
    {
      "store": "nofrills",
      "name": "Lolly Fruity",
      "price": "$4.00",
      "unit": "28x50.0 ml, $0.29/100ml",
      "original_price": "$6.00",
      "image_url": "https://digital.loblaws.ca/PCX/20348169_EA/en/1/20348169_en_front_v1_1200.png",
      "valid": true,
      "error": "Missing",
      "page_url": "https://www.nofrills.ca/en/deals/flyer?page=3"
    },
    {
      "store": "nofrills",
      "name": "Bleach Club Size",
      "price": null,
      "unit": "2.4 l, $0.17/100ml",
      "original_price": null,
      "image_url": "https://digital.loblaws.ca/PCX/21486532_EA/en/1/21486532_en_front_1200.png",
      "valid": false,
      "error": "Missing price",
      "page_url": "https://www.nofrills.ca/en/deals/flyer?page=3"
    },
    {
      "store": "nofrills",
      "name": "Marble Cheddar Cheese",
      "price": null,
      "unit": "400 g, $2.00/100g",
      "original_price": null,
      "image_url": "https://digital.loblaws.ca/PCX/21346749_EA/en/1/21346749_en_front_1200.png",
      "valid": false,
      "error": "Missing price",
      "page_url": "https://www.nofrills.ca/en/deals/flyer?page=3"
    },
    {
      "store": "nofrills",
      "name": "Bear Paws Chocolate Chip Cookies",
      "price": "$2.22",
      "unit": "240 g, $0.93/100g",
      "original_price": "$2.50",
      "image_url": "https://digital.loblaws.ca/PCX/21080791_EA/en/1/6334800694_en_front_centre_marketing_A_1_GS1_Ecommerce_1200.png",
      "valid": true,
      "error": "Missing",
      "page_url": "https://www.nofrills.ca/en/deals/flyer?page=3"
    },
    {
      "store": "nofrills",
      "name": "Eggo Original Waffles, 8 waffles",
      "price": "$3.00",
      "unit": "280 g, $1.07/100g",
      "original_price": "$4.25",
      "image_url": "https://digital.loblaws.ca/PCX/20302779_EA/en/1/20302779_en_front_1200.png",
      "valid": true,
      "error": "Missing",
      "page_url": "https://www.nofrills.ca/en/deals/flyer?page=3"
    },
    {
      "store": "nofrills",
      "name": "Yellow Asian Pears",
      "price": "about $1.40",
      "unit": "$4.39/1kg $1.99/1lb",
      "original_price": "$1.76",
      "image_url": "https://digital.loblaws.ca/PCX/20035618001_KG/en/1/20035618001_en_front_1200.png",
      "valid": true,
      "error": "Missing",
      "page_url": "https://www.nofrills.ca/en/deals/flyer?page=3"
    },
    {
      "store": "nofrills",
      "name": "Pizza Mozzarella Shredded Cheese",
      "price": null,
      "unit": "320 g, $1.97/100g",
      "original_price": null,
      "image_url": "https://digital.loblaws.ca/PCX/21060201_EA/en/1/21060201_en_front_1200.png",
      "valid": false,
      "error": "Missing price",
      "page_url": "https://www.nofrills.ca/en/deals/flyer?page=3"
    },
    {
      "store": "nofrills",
      "name": "18% Table Cream",
      "price": "$5.00",
      "unit": "1 l, $0.50/100ml",
      "original_price": "$5.63",
      "image_url": "https://digital.loblaws.ca/PCX/20155660_EA/en/1/20155660_en_front_1200.png",
      "valid": true,
      "error": "Missing",
      "page_url": "https://www.nofrills.ca/en/deals/flyer?page=3"
    },
    {
      "store": "nofrills",
      "name": "Shanghai Bok Choy",
      "price": "about $2.81",
      "unit": "$4.39/1kg $1.99/1lb",
      "original_price": "$3.51",
      "image_url": "https://digital.loblaws.ca/PCX/20032454001_KG/en/1/20032454001_en_front_1200.png",
      "valid": true,
      "error": "Missing",
      "page_url": "https://www.nofrills.ca/en/deals/flyer?page=3"
    },
    {
      "store": "nofrills",
      "name": "Orange Mango Sparkling Water",
      "price": "$1.00",
      "unit": "503 ml, $0.20/100ml",
      "original_price": "$1.29",
      "image_url": "https://digital.loblaws.ca/PCX/20885443_EA/en/1/20885443_en_front_v1_1200.png",
      "valid": true,
      "error": "Missing",
      "page_url": "https://www.nofrills.ca/en/deals/flyer?page=3"
    },
    {
      "store": "nofrills",
      "name": "Cooked Ham Slices",
      "price": null,
      "unit": "175 g, $2.00/100g",
      "original_price": null,
      "image_url": "https://digital.loblaws.ca/PCX/21589295_EA/en/1/21589295_enfr_front_v1_1200.png",
      "valid": false,
      "error": "Missing price",
      "page_url": "https://www.nofrills.ca/en/deals/flyer?page=3"
    },
    {
      "store": "nofrills",
      "name": "Diet Coke Cans",
      "price": "$12.99",
      "unit": "24x355.0 ml, $0.15/100ml",
      "original_price": "$13.99",
      "image_url": "https://digital.loblaws.ca/PCX/20308197003_C24/en/1/20308197003_en_front_v1_1200.png",
      "valid": true,
      "error": "Missing",
      "page_url": "https://www.nofrills.ca/en/deals/flyer?page=3"
    },
    {
      "store": "nofrills",
      "name": "Only Peanuts All Natural Smooth Peanut Butter",
      "price": "$4.97",
      "unit": "750 g, $0.66/100g",
      "original_price": "$6.00",
      "image_url": "https://digital.loblaws.ca/PCX/20311582001_EA/en/1/20311582001_en_front_1200.png",
      "valid": true,
      "error": "Missing",
      "page_url": "https://www.nofrills.ca/en/deals/flyer?page=3"
    },
    {
      "store": "nofrills",
      "name": "2% Lactose Free Milk",
      "price": null,
      "unit": "2 l, $0.28/100ml",
      "original_price": null,
      "image_url": "https://digital.loblaws.ca/PCX/20188053001_EA/en/1/20188053001_en_front_1200.png",
      "valid": false,
      "error": "Missing price",
      "page_url": "https://www.nofrills.ca/en/deals/flyer?page=3"
    },
    {
      "store": "nofrills",
      "name": "Yop 1% Drinkable Yogurt, Vanilla, Yogurt Drink",
      "price": null,
      "unit": "200 ml, $0.50/100ml",
      "original_price": null,
      "image_url": "https://digital.loblaws.ca/PCX/21478300_EA/en/1/21478300_en_front_v1_1200.png",
      "valid": false,
      "error": "Missing price",
      "page_url": "https://www.nofrills.ca/en/deals/flyer?page=3"
    },
    {
      "store": "nofrills",
      "name": "Ginger Ale",
      "price": "$12.99",
      "unit": "24x355.0 ml, $0.15/100ml",
      "original_price": "$13.99",
      "image_url": "https://digital.loblaws.ca/PCX/20306330002_C24/en/1/20306330002_en_front_v1_1200.png",
      "valid": true,
      "error": "Missing",
      "page_url": "https://www.nofrills.ca/en/deals/flyer?page=3"
    },
    {
      "store": "nofrills",
      "name": "Coconut Pineapple Sparkling Water",
      "price": "$1.00",
      "unit": "503 ml, $0.20/100ml",
      "original_price": "$1.29",
      "image_url": "https://digital.loblaws.ca/PCX/20941051_EA/en/1/20941051_en_front_1200.png",
      "valid": true,
      "error": "Missing",
      "page_url": "https://www.nofrills.ca/en/deals/flyer?page=3"
    },
    {
      "store": "nofrills",
      "name": "Aero Milk Chocolate Bar",
      "price": "$1.75",
      "unit": "97 g, $2.58/100g",
      "original_price": null,
      "image_url": "https://digital.loblaws.ca/PCX/20640580_EA/en/1/20640580_enfr_front_v1_1200.png",
      "valid": true,
      "error": "Missing",
      "page_url": "https://www.nofrills.ca/en/deals/flyer?page=3"
    },
    {
      "store": "nofrills",
      "name": "Pub Style Chicken Strips, Fully Cooked",
      "price": "$7.00",
      "unit": "700 g, $1.00/100g",
      "original_price": "$11.50",
      "image_url": "https://digital.loblaws.ca/PCX/21191828_EA/en/1/6929912689_en_front_centre_marketing_GS1_Ecommerce_1200.png",
      "valid": true,
      "error": "Missing",
      "page_url": "https://www.nofrills.ca/en/deals/flyer?page=3"
    },
    {
      "store": "nofrills",
      "name": "All-Day Breakfast Classic Hash Brown Patties",
      "price": "$3.00",
      "unit": "600 g, $0.50/100g",
      "original_price": "$4.50",
      "image_url": "https://digital.loblaws.ca/PCX/20287397001_EA/en/1/20287397001_enfr_front_v1_1200.png",
      "valid": true,
      "error": "Missing",
      "page_url": "https://www.nofrills.ca/en/deals/flyer?page=3"
    },
    {
      "store": "nofrills",
      "name": "Rapini",
      "price": "$2.99",
      "unit": "1 ea, $2.99/1ea",
      "original_price": "$3.99",
      "image_url": "https://digital.loblaws.ca/PCX/20048070001_EA/en/1/20048070001_en_front_1200.png",
      "valid": true,
      "error": "Missing",
      "page_url": "https://www.nofrills.ca/en/deals/flyer?page=3"
    },
    {
      "store": "nofrills",
      "name": "Bagel Whole Wheat",
      "price": "$1.99",
      "unit": "510 g, $0.39/100g",
      "original_price": "$2.29",
      "image_url": "https://digital.loblaws.ca/PCX/21297807_EA/en/1/21297807_en_front_1200.png",
      "valid": true,
      "error": "Missing",
      "page_url": "https://www.nofrills.ca/en/deals/flyer?page=3"
    },
    {
      "store": "nofrills",
      "name": "WHEAT THINS Multigrain Crackers, Baked with the goodness of wheat",
      "price": null,
      "unit": "180 g, $1.39/100g",
      "original_price": null,
      "image_url": "https://digital.loblaws.ca/PCX/21547048_EA/en/1/21547048_en_front_v1_1200.png",
      "valid": false,
      "error": "Missing price",
      "page_url": "https://www.nofrills.ca/en/deals/flyer?page=3"
    },
    {
      "store": "nofrills",
      "name": "Hard & Soft Taco Dinner Kit",
      "price": "$3.47",
      "unit": "340 g, $1.02/100g",
      "original_price": "$4.00",
      "image_url": "https://digital.loblaws.ca/PCX/20795534_EA/en/1/20795534_en_front_v1_1200.png",
      "valid": true,
      "error": "Missing",
      "page_url": "https://www.nofrills.ca/en/deals/flyer?page=3"
    },
    {
      "store": "nofrills",
      "name": "Marinara Pasta Sauce",
      "price": null,
      "unit": "650 ml, $0.54/100ml",
      "original_price": null,
      "image_url": "https://digital.loblaws.ca/PCX/20131344005_EA/en/1/20131344005_en_front_1200.png",
      "valid": false,
      "error": "Missing price",
      "page_url": "https://www.nofrills.ca/en/deals/flyer?page=3"
    },
    {
      "store": "nofrills",
      "name": "WHEAT THINS Original Crackers, Baked with the goodness of wheat",
      "price": null,
      "unit": "180 g, $1.39/100g",
      "original_price": null,
      "image_url": "https://digital.loblaws.ca/PCX/21547049_EA/en/1/21547049_en_front_v1_1200.png",
      "valid": false,
      "error": "Missing price",
      "page_url": "https://www.nofrills.ca/en/deals/flyer?page=3"
    },
    {
      "store": "nofrills",
      "name": "Chinese Napa Cabbage",
      "price": "about $2.44",
      "unit": "$2.18/1kg $0.99/1lb",
      "original_price": "$3.67",
      "image_url": "https://digital.loblaws.ca/PCX/20015025001_KG/en/1/20015025001_en_front_1200.png",
      "valid": true,
      "error": "Missing",
      "page_url": "https://www.nofrills.ca/en/deals/flyer?page=3"
    },
    {
      "store": "nofrills",
      "name": "100% Pure Vegetable Oil",
      "price": "$3.99",
      "unit": "946 ml, $0.42/100ml",
      "original_price": "$5.00",
      "image_url": "https://digital.loblaws.ca/PCX/20768660_EA/en/1/20768660_en_front_1200.png",
      "valid": true,
      "error": "Missing",
      "page_url": "https://www.nofrills.ca/en/deals/flyer?page=4"
    },
    {
      "store": "nofrills",
      "name": "Original Yogurt Plain Balkan Style 2%",
      "price": "$2.97",
      "unit": "750 g, $0.40/100g",
      "original_price": "$3.50",
      "image_url": "https://digital.loblaws.ca/PCX/20170533001_EA/en/1/20170533001_enfr_front_v2_1200.png",
      "valid": true,
      "error": "Missing",
      "page_url": "https://www.nofrills.ca/en/deals/flyer?page=4"
    },
    {
      "store": "nofrills",
      "name": "Pork Souvlaki, Value Pack",
      "price": "$10.00",
      "unit": "640 g, $1.56/100g",
      "original_price": "$13.99",
      "image_url": "https://digital.loblaws.ca/PCX/21098855_EA/en/1/21098855_en_front_1200.png",
      "valid": true,
      "error": "Missing",
      "page_url": "https://www.nofrills.ca/en/deals/flyer?page=4"
    },
    {
      "store": "nofrills",
      "name": "Canned Luncheon Meat",
      "price": "$2.00",
      "unit": "340 g, $0.59/100g",
      "original_price": "$3.25",
      "image_url": "https://digital.loblaws.ca/PCX/20618778_EA/en/1/20618778_en_front_v1_1200.png",
      "valid": true,
      "error": "Missing",
      "page_url": "https://www.nofrills.ca/en/deals/flyer?page=4"
    },
    {
      "store": "nofrills",
      "name": "Cola Zero Sugar Cans",
      "price": "$12.99",
      "unit": "24x355.0 ml, $0.15/100ml",
      "original_price": "$13.99",
      "image_url": "https://digital.loblaws.ca/PCX/20308197006_C24/en/1/20308197006_en_front_v1_1200.png",
      "valid": true,
      "error": "Missing",
      "page_url": "https://www.nofrills.ca/en/deals/flyer?page=4"
    },
    {
      "store": "nofrills",
      "name": "Almond Milk Alternative, Original, Plant Based Dairy-Free Milk",
      "price": "$3.75",
      "unit": "1.89 l, $0.20/100ml",
      "original_price": "$4.00",
      "image_url": "https://digital.loblaws.ca/PCX/20315090001_EA/en/1/20315090001_en_front_1200.png",
      "valid": true,
      "error": "Missing",
      "page_url": "https://www.nofrills.ca/en/deals/flyer?page=4"
    },
    {
      "store": "nofrills",
      "name": "LoBok (Daikon Radish)",
      "price": "about $2.05",
      "unit": "$2.18/1kg $0.99/1lb",
      "original_price": "$2.67",
      "image_url": "https://digital.loblaws.ca/PCX/20082109001_KG/en/1/20082109001_en_front_1200.png",
      "valid": true,
      "error": "Missing",
      "page_url": "https://www.nofrills.ca/en/deals/flyer?page=4"
    },
    {
      "store": "nofrills",
      "name": "Velour Facial Tissue, 6 Flat Boxes, 72 Tissues per box",
      "price": null,
      "unit": "6x1.0 ea, $0.02/1ea",
      "original_price": null,
      "image_url": "https://digital.loblaws.ca/PCX/20699615_EA/en/1/20699615_en_front_1200.png",
      "valid": false,
      "error": "Missing price",
      "page_url": "https://www.nofrills.ca/en/deals/flyer?page=4"
    },
    {
      "store": "nofrills",
      "name": "Tex Mex Shredded Cheese",
      "price": "$6.00",
      "unit": "320 g, $1.88/100g",
      "original_price": "$7.79",
      "image_url": "https://digital.loblaws.ca/PCX/21290616_EA/en/1/21290616_enfr_front_1200.png",
      "valid": true,
      "error": "Missing",
      "page_url": "https://www.nofrills.ca/en/deals/flyer?page=4"
    },
    {
      "store": "nofrills",
      "name": "Wheat Thins Vegetable Thins Crackers",
      "price": null,
      "unit": "180 g, $1.39/100g",
      "original_price": null,
      "image_url": "https://digital.loblaws.ca/PCX/21547047_EA/en/1/21547047_en_front_v1_1200.png",
      "valid": false,
      "error": "Missing price",
      "page_url": "https://www.nofrills.ca/en/deals/flyer?page=4"
    },
    {
      "store": "nofrills",
      "name": "Pork Back Ribs, 2-pack",
      "price": "about $17.35",
      "unit": "$8.31/1kg $3.77/1lb",
      "original_price": "$36.77",
      "image_url": "https://digital.loblaws.ca/PCX/20289672_KG/en/1/20289672_en_front_1200.png",
      "valid": true,
      "error": "Missing",
      "page_url": "https://www.nofrills.ca/en/deals/flyer?page=4"
    },
    {
      "store": "nofrills",
      "name": "Markdale Creamery Vanilla Ice Cream",
      "price": null,
      "unit": "2 l, $0.20/100ml",
      "original_price": null,
      "image_url": "https://digital.loblaws.ca/PCX/20315236001_EA/en/1/20315236001_enfr_front_1200.png",
      "valid": false,
      "error": "Missing price",
      "page_url": "https://www.nofrills.ca/en/deals/flyer?page=4"
    },
    {
      "store": "nofrills",
      "name": "Restaurant Style Drive-Thru Fries",
      "price": "$3.00",
      "unit": "750 g, $0.40/100g",
      "original_price": "$3.50",
      "image_url": "https://digital.loblaws.ca/PCX/21094815_EA/en/1/21094815_enfr_front_v1_1200.png",
      "valid": true,
      "error": "Missing",
      "page_url": "https://www.nofrills.ca/en/deals/flyer?page=4"
    },
    {
      "store": "nofrills",
      "name": "100% Pure Maple Syrup (Amber)",
      "price": "$11.50",
      "unit": "500 ml, $2.30/100ml",
      "original_price": "$12.99",
      "image_url": "https://digital.loblaws.ca/PCX/20049221_EA/en/1/6038308228_enfr_front_centre_marketing_GS1_Ecommerce_1200.png",
      "valid": true,
      "error": "Missing",
      "page_url": "https://www.nofrills.ca/en/deals/flyer?page=4"
    },
    {
      "store": "nofrills",
      "name": "Cashews, Salted",
      "price": "$11.88",
      "unit": "908 g, $1.31/100g",
      "original_price": "$16.99",
      "image_url": "https://digital.loblaws.ca/PCX/20314862002_EA/en/1/20314862002_en_front_1200.png",
      "valid": true,
      "error": "Missing",
      "page_url": "https://www.nofrills.ca/en/deals/flyer?page=4"
    },
    {
      "store": "nofrills",
      "name": "Single Strength Lemon Juice",
      "price": null,
      "unit": "945 ml, $0.37/100ml",
      "original_price": null,
      "image_url": "https://digital.loblaws.ca/PCX/20081313_EA/en/1/20081313_en_front_v1_1200.png",
      "valid": false,
      "error": "Missing price",
      "page_url": "https://www.nofrills.ca/en/deals/flyer?page=4"
    },
    {
      "store": "nofrills",
      "name": "Herb & Garlic Cream Cheese Product",
      "price": null,
      "unit": "340 g, $1.46/100g",
      "original_price": null,
      "image_url": "https://digital.loblaws.ca/PCX/20866929001_EA/en/1/20866929001_enfr_front_v1_1200.png",
      "valid": false,
      "error": "Missing price",
      "page_url": "https://www.nofrills.ca/en/deals/flyer?page=4"
    },
    {
      "store": "nofrills",
      "name": "Ginger Ale, Bottle",
      "price": "$1.00",
      "unit": "1 l, $0.10/100ml",
      "original_price": "$1.89",
      "image_url": "https://digital.loblaws.ca/PCX/20299076002_EA/en/1/20299076002_en_front_1200.png",
      "valid": true,
      "error": "Missing",
      "page_url": "https://www.nofrills.ca/en/deals/flyer?page=4"
    },
    {
      "store": "nofrills",
      "name": "Crispy Minis Cheddar flavour brown rice chips",
      "price": "$2.50",
      "unit": "100 g, $2.50/100g",
      "original_price": "$2.79",
      "image_url": "https://digital.loblaws.ca/PCX/20303002001_EA/en/1/20303002001_en_front_1200.png",
      "valid": true,
      "error": "Missing",
      "page_url": "https://www.nofrills.ca/en/deals/flyer?page=4"
    },
    {
      "store": "nofrills",
      "name": "Oven Roasted Turkey Slices",
      "price": null,
      "unit": "175 g, $2.00/100g",
      "original_price": null,
      "image_url": "https://digital.loblaws.ca/PCX/21596554_EA/en/1/21596554_enfr_front_v1_1200.png",
      "valid": false,
      "error": "Missing price",
      "page_url": "https://www.nofrills.ca/en/deals/flyer?page=4"
    },
    {
      "store": "nofrills",
      "name": "Natural Selections Sliced Deli Turkey Breast, Oven Roasted",
      "price": "$5.00",
      "unit": "175 g, $28.57/1kg $2.86/100g",
      "original_price": "$7.99",
      "image_url": "https://digital.loblaws.ca/PCX/20009282_EA/en/1/20009282_enfr_front_v2_1200.png",
      "valid": true,
      "error": "Missing",
      "page_url": "https://www.nofrills.ca/en/deals/flyer?page=4"
    },
    {
      "store": "nofrills",
      "name": "Small White Potatoes",
      "price": "$5.00",
      "unit": "3 l, $0.17/100ml",
      "original_price": "$5.99",
      "image_url": "https://digital.loblaws.ca/PCX/20185658001_EA/en/1/20185658001_en_front_1200.png",
      "valid": true,
      "error": "Missing",
      "page_url": "https://www.nofrills.ca/en/deals/flyer?page=4"
    },
    {
      "store": "nofrills",
      "name": "Natural Selections Sliced Black Forest Deli Ham, Smoked",
      "price": "$5.00",
      "unit": "175 g, $28.57/1kg $2.86/100g",
      "original_price": "$7.99",
      "image_url": "https://digital.loblaws.ca/PCX/20065285_EA/en/1/20065285_en_front_1200.png",
      "valid": true,
      "error": "Missing",
      "page_url": "https://www.nofrills.ca/en/deals/flyer?page=4"
    },
    {
      "store": "nofrills",
      "name": "Dipped Chocolate Chip Granola Bars",
      "price": "$2.00",
      "unit": "156 g, $1.28/100g",
      "original_price": "$2.50",
      "image_url": "https://digital.loblaws.ca/PCX/20915354_EA/en/1/6038315754_en_front_centre_marketing_1_GS1_Ecommerce_1200.png",
      "valid": true,
      "error": "Missing",
      "page_url": "https://www.nofrills.ca/en/deals/flyer?page=4"
    },
    {
      "store": "nofrills",
      "name": "Old Cheddar Cheese",
      "price": null,
      "unit": "400 g, $2.00/100g",
      "original_price": null,
      "image_url": "https://digital.loblaws.ca/PCX/21346757_EA/en/1/21346757_en_front_1200.png",
      "valid": false,
      "error": "Missing price",
      "page_url": "https://www.nofrills.ca/en/deals/flyer?page=4"
    },
    {
      "store": "nofrills",
      "name": "Corn Flakes Cereal",
      "price": "$3.50",
      "unit": "340 g, $1.03/100g",
      "original_price": "$5.00",
      "image_url": "https://digital.loblaws.ca/PCX/21450851_EA/en/1/6410014452_en_front_centre_marketing_1_GS1_Ecommerce_v1_1200.png",
      "valid": true,
      "error": "Missing",
      "page_url": "https://www.nofrills.ca/en/deals/flyer?page=4"
    },
    {
      "store": "nofrills",
      "name": "DAIRY MILK Fruit & Nut Chocolate Bar, Raisins & Almonds",
      "price": null,
      "unit": "90 g, $3.33/100g",
      "original_price": "$3.29",
      "image_url": "https://digital.loblaws.ca/PCX/21648701_EA/en/1/21648701_enfr_front_1200.png",
      "valid": false,
      "error": "Missing price",
      "page_url": "https://www.nofrills.ca/en/deals/flyer?page=4"
    },
    {
      "store": "nofrills",
      "name": "Noodles, Masala",
      "price": null,
      "unit": "70 g, $0.70/100g",
      "original_price": null,
      "image_url": "https://digital.loblaws.ca/PCX/20802664_EA/en/1/5500049095_enfr_front_centre_marketing_GS1_Ecommerce_1200.png",
      "valid": false,
      "error": "Missing price",
      "page_url": "https://www.nofrills.ca/en/deals/flyer?page=4"
    },
    {
      "store": "nofrills",
      "name": "Yop 1% Drinkable Yogurt, Peach, Yogurt Drink",
      "price": null,
      "unit": "200 ml, $0.50/100ml",
      "original_price": null,
      "image_url": "https://digital.loblaws.ca/PCX/21478288_EA/en/1/21478288_en_front_v1_1200.png",
      "valid": false,
      "error": "Missing price",
      "page_url": "https://www.nofrills.ca/en/deals/flyer?page=4"
    },
    {
      "store": "nofrills",
      "name": "Macaroni & Cheese, Shells & White Cheddar",
      "price": "$2.00",
      "unit": "170 g, $1.18/100g",
      "original_price": "$2.50",
      "image_url": "https://digital.loblaws.ca/PCX/20316187001_EA/en/1/20316187001_en_front_1200.png",
      "valid": true,
      "error": "Missing",
      "page_url": "https://www.nofrills.ca/en/deals/flyer?page=4"
    },
    {
      "store": "nofrills",
      "name": "Diet Soda",
      "price": "$12.99",
      "unit": "24x355.0 ml, $0.15/100ml",
      "original_price": "$13.99",
      "image_url": "https://digital.loblaws.ca/PCX/20306687001_C24/en/1/20306687001_en_front_v1_1200.png",
      "valid": true,
      "error": "Missing",
      "page_url": "https://www.nofrills.ca/en/deals/flyer?page=4"
    },
    {
      "store": "nofrills",
      "name": "Froot Loops Cereal",
      "price": "$3.50",
      "unit": "320 g, $1.09/100g",
      "original_price": "$5.00",
      "image_url": "https://digital.loblaws.ca/PCX/21652128_EA/en/1/5972410186_en_front_centre_marketing_1_GS1_Ecommerce_1200.png",
      "valid": true,
      "error": "Missing",
      "page_url": "https://www.nofrills.ca/en/deals/flyer?page=4"
    },
    {
      "store": "nofrills",
      "name": "Roast Beef",
      "price": null,
      "unit": "175 g, $2.00/100g",
      "original_price": null,
      "image_url": "https://digital.loblaws.ca/PCX/21599891_EA/en/1/21599891_enfr_front_v1_1200.png",
      "valid": false,
      "error": "Missing price",
      "page_url": "https://www.nofrills.ca/en/deals/flyer?page=4"
    },
    {
      "store": "nofrills",
      "name": "Caramel Macchiato Coffee Creamer,",
      "price": "$3.88",
      "unit": "946 ml, $0.41/100ml",
      "original_price": "$5.00",
      "image_url": "https://digital.loblaws.ca/PCX/21439782_EA/en/1/21439782_en_front_v2_1200.png",
      "valid": true,
      "error": "Missing",
      "page_url": "https://www.nofrills.ca/en/deals/flyer?page=4"
    },
    {
      "store": "nofrills",
      "name": "Shells & Real Aged Chedder Macaroni &  Cheese",
      "price": "$2.00",
      "unit": "170 g, $1.18/100g",
      "original_price": "$2.50",
      "image_url": "https://digital.loblaws.ca/PCX/20811201_EA/en/1/20811201_en_front_v1_1200.png",
      "valid": true,
      "error": "Missing",
      "page_url": "https://www.nofrills.ca/en/deals/flyer?page=4"
    },
    {
      "store": "nofrills",
      "name": "Sandwich Croissant 4-Pack",
      "price": "$3.99",
      "unit": "260 g, $1.53/100g",
      "original_price": "$5.50",
      "image_url": "https://digital.loblaws.ca/PCX/21201758_EA/en/1/21201758_enfr_front_v1_1200.png",
      "valid": true,
      "error": "Missing",
      "page_url": "https://www.nofrills.ca/en/deals/flyer?page=4"
    },
    {
      "store": "nofrills",
      "name": "Almond Milk Alternative, Unsweetened, Vanilla Flavour, Dairy-Free",
      "price": "$3.75",
      "unit": "1.89 l, $0.20/100ml",
      "original_price": "$4.00",
      "image_url": "https://digital.loblaws.ca/PCX/20328231004_EA/en/1/20328231004_en_front_v1_1200.png",
      "valid": true,
      "error": "Missing",
      "page_url": "https://www.nofrills.ca/en/deals/flyer?page=4"
    },
    {
      "store": "nofrills",
      "name": "Yop 1% Drinkable Yogurt, Raspberry, Yogurt Drink",
      "price": null,
      "unit": "200 ml, $0.50/100ml",
      "original_price": null,
      "image_url": "https://digital.loblaws.ca/PCX/21478195_EA/en/1/21478195_en_front_1200.png",
      "valid": false,
      "error": "Missing price",
      "page_url": "https://www.nofrills.ca/en/deals/flyer?page=4"
    },
    {
      "store": "nofrills",
      "name": "Bear Paws Banana Bread Cookies",
      "price": "$2.22",
      "unit": "240 g, $0.93/100g",
      "original_price": "$2.50",
      "image_url": "https://digital.loblaws.ca/PCX/21080779_EA/en/1/6334800690_en_front_centre_marketing_A_1_GS1_Ecommerce_1200.png",
      "valid": true,
      "error": "Missing",
      "page_url": "https://www.nofrills.ca/en/deals/flyer?page=4"
    },
    {
      "store": "nofrills",
      "name": "Crispy Minis Caramel Chocolate Chip Flavour Large Brown Rice Cakes",
      "price": "$2.50",
      "unit": "199 g, $1.26/100g",
      "original_price": "$2.79",
      "image_url": "https://digital.loblaws.ca/PCX/20313756001_EA/en/1/20313756001_en_front_1200.png",
      "valid": true,
      "error": "Missing",
      "page_url": "https://www.nofrills.ca/en/deals/flyer?page=4"
    },
    {
      "store": "nofrills",
      "name": "Montreal-Style Smoked Meat",
      "price": null,
      "unit": "175 g, $2.00/100g",
      "original_price": null,
      "image_url": "https://digital.loblaws.ca/PCX/21599921_EA/en/1/21599921_enfr_front_1200.png",
      "valid": false,
      "error": "Missing price",
      "page_url": "https://www.nofrills.ca/en/deals/flyer?page=4"
    },
    {
      "store": "nofrills",
      "name": "Baked Original Snack Crackers",
      "price": "$2.00",
      "unit": "200 g, $1.00/100g",
      "original_price": "$2.79",
      "image_url": "https://digital.loblaws.ca/PCX/21214560_EA/en/1/21214560_en_front_1200.png",
      "valid": true,
      "error": "Missing",
      "page_url": "https://www.nofrills.ca/en/deals/flyer?page=4"
    },
    {
      "store": "nofrills",
      "name": "Tex Mex Shredded Cheese Blend",
      "price": null,
      "unit": "320 g, $1.97/100g",
      "original_price": null,
      "image_url": "https://digital.loblaws.ca/PCX/21060207_EA/en/1/6038319588_enfr_front_centre_marketing_GS1_Ecommerce_1200.png",
      "valid": false,
      "error": "Missing price",
      "page_url": "https://www.nofrills.ca/en/deals/flyer?page=4"
    },
    {
      "store": "nofrills",
      "name": "No Sugar Added White with Whole Grains Bread",
      "price": "$2.49",
      "unit": "600 g, $0.42/100g",
      "original_price": "$3.99",
      "image_url": "https://digital.loblaws.ca/PCX/21178630_EA/en/1/21178630_enfr_front_v1_1200.png",
      "valid": true,
      "error": "Missing",
      "page_url": "https://www.nofrills.ca/en/deals/flyer?page=4"
    },
    {
      "store": "nofrills",
      "name": "CHIPS AHOY! Chewy Chocolate Chip Cookies",
      "price": null,
      "unit": "271 g, $0.92/100g",
      "original_price": null,
      "image_url": "https://digital.loblaws.ca/PCX/21361512_EA/en/1/21361512_en_front_1200.png",
      "valid": false,
      "error": "Missing price",
      "page_url": "https://www.nofrills.ca/en/deals/flyer?page=4"
    },
    {
      "store": "nofrills",
      "name": "Double Cheddar Shredded Cheese",
      "price": "$6.00",
      "unit": "320 g, $1.88/100g",
      "original_price": "$7.79",
      "image_url": "https://digital.loblaws.ca/PCX/21290613_EA/en/1/21290613_enfr_front_1200.png",
      "valid": true,
      "error": "Missing",
      "page_url": "https://www.nofrills.ca/en/deals/flyer?page=4"
    },
    {
      "store": "nofrills",
      "name": "Frosted Flakes Cereal",
      "price": "$3.50",
      "unit": "355 g, $0.99/100g",
      "original_price": "$5.00",
      "image_url": "https://digital.loblaws.ca/PCX/21652110_EA/en/1/5972410148_en_front_centre_marketing_1_GS1_Ecommerce_1200.png",
      "valid": true,
      "error": "Missing",
      "page_url": "https://www.nofrills.ca/en/deals/flyer?page=4"
    },
    {
      "store": "nofrills",
      "name": "KitKat Classic Tablet, KITKAT Wafers & Chocolatey Filling",
      "price": "$1.75",
      "unit": "99 g, $2.53/100g",
      "original_price": null,
      "image_url": "https://digital.loblaws.ca/PCX/21648521_EA/en/1/21648521_enfr_front_1200.png",
      "valid": true,
      "error": "Missing",
      "page_url": "https://www.nofrills.ca/en/deals/flyer?page=4"
    },
    {
      "store": "nofrills",
      "name": "Cola Zero Sugar Bottle",
      "price": "$1.00",
      "unit": "1 l, $0.10/100ml",
      "original_price": "$1.89",
      "image_url": "https://digital.loblaws.ca/PCX/20659785_EA/en/1/20659785_en_front_1200.png",
      "valid": true,
      "error": "Missing",
      "page_url": "https://www.nofrills.ca/en/deals/flyer?page=5"
    },
    {
      "store": "nofrills",
      "name": "Crispy Minis White Cheddar Flavour Large Brown Rice Cakes",
      "price": "$2.50",
      "unit": "140 g, $1.79/100g",
      "original_price": "$2.79",
      "image_url": "https://digital.loblaws.ca/PCX/20163708004_EA/en/1/20163708004_en_front_1200.png",
      "valid": true,
      "error": "Missing",
      "page_url": "https://www.nofrills.ca/en/deals/flyer?page=5"
    },
    {
      "store": "nofrills",
      "name": "Pork Back Ribs, 2-pack",
      "price": null,
      "unit": "$8.31/1kg $3.77/1lb",
      "original_price": null,
      "image_url": "https://digital.loblaws.ca/PCX/20769496_KG/en/1/20769496_en_front_1200.png",
      "valid": false,
      "error": "Missing price",
      "page_url": "https://www.nofrills.ca/en/deals/flyer?page=5"
    },
    {
      "store": "nofrills",
      "name": "Parmesan Shredded Cheese",
      "price": null,
      "unit": "250 g, $2.52/100g",
      "original_price": null,
      "image_url": "https://digital.loblaws.ca/PCX/21203933_EA/en/1/21203933_en_front_1200.png",
      "valid": false,
      "error": "Missing price",
      "page_url": "https://www.nofrills.ca/en/deals/flyer?page=5"
    },
    {
      "store": "nofrills",
      "name": "Chocolate Milk",
      "price": "$1.75",
      "unit": "1 l, $0.18/100ml",
      "original_price": "$2.80",
      "image_url": "https://digital.loblaws.ca/PCX/20062332001_EA/en/1/20062332001_en_front_1200.png",
      "valid": true,
      "error": "Missing",
      "page_url": "https://www.nofrills.ca/en/deals/flyer?page=5"
    },
    {
      "store": "nofrills",
      "name": "Original",
      "price": null,
      "unit": "473 ml, $0.63/100ml",
      "original_price": null,
      "image_url": "https://digital.loblaws.ca/PCX/20938249_EA/en/1/20938249_en_front_1200.png",
      "valid": false,
      "error": "Missing price",
      "page_url": "https://www.nofrills.ca/en/deals/flyer?page=5"
    },
    {
      "store": "nofrills",
      "name": "Creamy Caesar Salad Dressing",
      "price": null,
      "unit": "425 ml, $0.71/100ml",
      "original_price": null,
      "image_url": "https://digital.loblaws.ca/PCX/21584931_EA/en/1/21584931_en_front_v1_1200.png",
      "valid": false,
      "error": "Missing price",
      "page_url": "https://www.nofrills.ca/en/deals/flyer?page=5"
    },
    {
      "store": "nofrills",
      "name": "Taiwanese Flat Cabbage",
      "price": "about $2.46",
      "unit": "$2.18/1kg $0.99/1lb",
      "original_price": "$3.21",
      "image_url": "https://digital.loblaws.ca/PCX/20020863001_KG/en/1/20020863001_en_front_1200.png",
      "valid": true,
      "error": "Missing",
      "page_url": "https://www.nofrills.ca/en/deals/flyer?page=5"
    },
    {
      "store": "nofrills",
      "name": "Strawberries",
      "price": null,
      "unit": "340 g, $1.76/100g",
      "original_price": null,
      "image_url": "https://digital.loblaws.ca/PCX/21194339001_EA/en/1/21194339001_enfr_front_v1_1200.png",
      "valid": false,
      "error": "Missing price",
      "page_url": "https://www.nofrills.ca/en/deals/flyer?page=5"
    },
    {
      "store": "nofrills",
      "name": "Chicken Breasts, Bone-in, Skinless, Club Pack",
      "price": null,
      "unit": "$14.30/1kg $6.49/1lb",
      "original_price": null,
      "image_url": "https://digital.loblaws.ca/PCX/20654781_KG/en/1/20654781_en_front_1200.png",
      "valid": false,
      "error": "Missing price",
      "page_url": "https://www.nofrills.ca/en/deals/flyer?page=5"
    },
    {
      "store": "nofrills",
      "name": "Greek With Feta And Oregano Salad Dressing",
      "price": null,
      "unit": "425 ml, $0.71/100ml",
      "original_price": null,
      "image_url": "https://digital.loblaws.ca/PCX/21584917_EA/en/1/21584917_enfr_front_v1_1200.png",
      "valid": false,
      "error": "Missing price",
      "page_url": "https://www.nofrills.ca/en/deals/flyer?page=5"
    },
    {
      "store": "nofrills",
      "name": "Buffalo Ranch Chopped Salad Kit",
      "price": "$4.99",
      "unit": "383 g, $1.30/100g",
      "original_price": "$5.99",
      "image_url": "https://digital.loblaws.ca/PCX/21381575_EA/en/1/21381575_en_front_v1_1200.png",
      "valid": true,
      "error": "Missing",
      "page_url": "https://www.nofrills.ca/en/deals/flyer?page=5"
    },
    {
      "store": "nofrills",
      "name": "Sourdough with Whole Grains Bread",
      "price": "$2.49",
      "unit": "650 g, $0.38/100g",
      "original_price": "$3.99",
      "image_url": "https://digital.loblaws.ca/PCX/21430978_EA/en/1/21430978_enfr_front_v1_1200.png",
      "valid": true,
      "error": "Missing",
      "page_url": "https://www.nofrills.ca/en/deals/flyer?page=5"
    },
    {
      "store": "nofrills",
      "name": "Zero Ultra",
      "price": null,
      "unit": "473 ml, $0.63/100ml",
      "original_price": null,
      "image_url": "https://digital.loblaws.ca/PCX/20938521_EA/en/1/20938521_en_front_1200.png",
      "valid": false,
      "error": "Missing price",
      "page_url": "https://www.nofrills.ca/en/deals/flyer?page=5"
    },
    {
      "store": "nofrills",
      "name": "Pizza Starter Kit, Deep Dish",
      "price": "$3.50",
      "unit": "890 g, $0.51/100g",
      "original_price": null,
      "image_url": "https://digital.loblaws.ca/PCX/20340727_EA/en/1/20340727_en_front_1200.png",
      "valid": true,
      "error": "Missing",
      "page_url": "https://www.nofrills.ca/en/deals/flyer?page=5"
    },
    {
      "store": "nofrills",
      "name": "Brown Gravy Mix",
      "price": null,
      "unit": "25 g, $5.16/100g",
      "original_price": null,
      "image_url": "https://digital.loblaws.ca/PCX/20302816001_EA/en/1/20302816001_enfr_front_1200.png",
      "valid": false,
      "error": "Missing price",
      "page_url": "https://www.nofrills.ca/en/deals/flyer?page=5"
    },
    {
      "store": "nofrills",
      "name": "Fun Pac Cereal",
      "price": "$4.50",
      "unit": "210 g, $2.14/100g",
      "original_price": "$5.99",
      "image_url": "https://digital.loblaws.ca/PCX/20067427_EA/en/1/20067427_en_front_v1_1200.png",
      "valid": true,
      "error": "Missing",
      "page_url": "https://www.nofrills.ca/en/deals/flyer?page=5"
    },
    {
      "store": "nofrills",
      "name": "Iced Tea Zero Sugar Lemon",
      "price": "$7.00",
      "unit": "12x341.0 ml, $0.17/100ml",
      "original_price": "$8.00",
      "image_url": "https://digital.loblaws.ca/PCX/21645443_C12/en/1/21645443_en_front_1200.png",
      "valid": true,
      "error": "Missing",
      "page_url": "https://www.nofrills.ca/en/deals/flyer?page=5"
    },
    {
      "store": "nofrills",
      "name": "Original, 18 Pack",
      "price": "$11.00",
      "unit": "360 g, $3.06/100g",
      "original_price": "$13.49",
      "image_url": "https://digital.loblaws.ca/PCX/20575375_EA/en/1/20575375_en_front_1200.png",
      "valid": true,
      "error": "Missing",
      "page_url": "https://www.nofrills.ca/en/deals/flyer?page=5"
    },
    {
      "store": "nofrills",
      "name": "Aluminum Foil 50 feet",
      "price": "$3.50",
      "unit": "1 ea, $3.50/1ea",
      "original_price": "$4.99",
      "image_url": "https://digital.loblaws.ca/PCX/20051862_EA/en/1/20051862_en_front_v1_1200.png",
      "valid": true,
      "error": "Missing",
      "page_url": "https://www.nofrills.ca/en/deals/flyer?page=5"
    },
    {
      "store": "nofrills",
      "name": "Pure Apple Juice Low Acid",
      "price": "$2.00",
      "unit": "8x200.0 ml, $0.13/100ml",
      "original_price": "$3.50",
      "image_url": "https://digital.loblaws.ca/PCX/20315996002_EA/en/1/20315996002_en_front_v1_1200.png",
      "valid": true,
      "error": "Missing",
      "page_url": "https://www.nofrills.ca/en/deals/flyer?page=5"
    },
    {
      "store": "nofrills",
      "name": "Naturally Imperfect Sliced Strawberries",
      "price": null,
      "unit": "400 g, $0.75/100g",
      "original_price": null,
      "image_url": "https://digital.loblaws.ca/PCX/21545106_EA/en/1/21545106_en_front_1200.png",
      "valid": false,
      "error": "Missing price",
      "page_url": "https://www.nofrills.ca/en/deals/flyer?page=5"
    },
    {
      "store": "nofrills",
      "name": "Basa Steaks",
      "price": "$7.99",
      "unit": "1 kg, $0.80/100g",
      "original_price": "$8.99",
      "image_url": "https://digital.loblaws.ca/PCX/20910469_EA/en/1/20910469_en_front_1200.png",
      "valid": true,
      "error": "Missing",
      "page_url": "https://www.nofrills.ca/en/deals/flyer?page=5"
    },
    {
      "store": "nofrills",
      "name": "Summer Sweet Peas",
      "price": "$3.00",
      "unit": "750 g, $0.40/100g",
      "original_price": "$3.50",
      "image_url": "https://digital.loblaws.ca/PCX/21022302_EA/en/1/21022302_en_front_1200.png",
      "valid": true,
      "error": "Missing",
      "page_url": "https://www.nofrills.ca/en/deals/flyer?page=5"
    },
    {
      "store": "nofrills",
      "name": "Crispy Minis Sour Cream & Onion flavour brown rice chips",
      "price": "$2.50",
      "unit": "100 g, $2.50/100g",
      "original_price": "$2.79",
      "image_url": "https://digital.loblaws.ca/PCX/20308591001_EA/en/1/20308591001_en_front_1200.png",
      "valid": true,
      "error": "Missing",
      "page_url": "https://www.nofrills.ca/en/deals/flyer?page=5"
    },
    {
      "store": "nofrills",
      "name": "Banana Loaf Cake, Sliced",
      "price": "$3.99",
      "unit": "376 g, $1.06/100g",
      "original_price": "$5.50",
      "image_url": "https://digital.loblaws.ca/PCX/21542160_EA/en/1/21542160_en_front_1200.png",
      "valid": true,
      "error": "Missing",
      "page_url": "https://www.nofrills.ca/en/deals/flyer?page=5"
    },
    {
      "store": "nofrills",
      "name": "Lean Ground Pork",
      "price": null,
      "unit": "450 g, $0.89/100g",
      "original_price": null,
      "image_url": "https://digital.loblaws.ca/PCX/21646160_EA/en/8/21646160_enfr_beauty_1200.png",
      "valid": false,
      "error": "Missing price",
      "page_url": "https://www.nofrills.ca/en/deals/flyer?page=5"
    },
    {
      "store": "nofrills",
      "name": "Lemon Poppyseed Iced Loaf Cake",
      "price": "$3.99",
      "unit": "400 g, $1.00/100g",
      "original_price": "$5.50",
      "image_url": "https://digital.loblaws.ca/PCX/21488954_EA/en/1/21488954_en_front_1200.png",
      "valid": true,
      "error": "Missing",
      "page_url": "https://www.nofrills.ca/en/deals/flyer?page=5"
    },
    {
      "store": "nofrills",
      "name": "Ham Lunch Kit",
      "price": null,
      "unit": "90 g, $3.33/100g",
      "original_price": null,
      "image_url": "https://digital.loblaws.ca/PCX/21310034_EA/en/1/21310034_enfr_front_v2_1200.png",
      "valid": false,
      "error": "Missing price",
      "page_url": "https://www.nofrills.ca/en/deals/flyer?page=5"
    },
    {
      "store": "nofrills",
      "name": "Blackberry Sparkling Water",
      "price": null,
      "unit": "12x355.0 ml, $0.15/100ml",
      "original_price": null,
      "image_url": "https://digital.loblaws.ca/PCX/21243603_C12/en/1/21243603_en_front_v1_1200.png",
      "valid": false,
      "error": "Missing price",
      "page_url": "https://www.nofrills.ca/en/deals/flyer?page=5"
    },
    {
      "store": "nofrills",
      "name": "Triscuit Cracked Black Pepper & Olive Oil Crackers",
      "price": null,
      "unit": "200 g, $1.25/100g",
      "original_price": null,
      "image_url": "https://digital.loblaws.ca/PCX/21030643_EA/en/1/21030643_en_front_v1_1200.png",
      "valid": false,
      "error": "Missing price",
      "page_url": "https://www.nofrills.ca/en/deals/flyer?page=5"
    },
    {
      "store": "nofrills",
      "name": "Yop 1% Drinkable Yogurt, Tropical, Yogurt Drink",
      "price": null,
      "unit": "200 ml, $0.50/100ml",
      "original_price": null,
      "image_url": "https://digital.loblaws.ca/PCX/21478243_EA/en/1/5692013025_enfr_front_centre_marketing_GS1_Ecommerce_1200.png",
      "valid": false,
      "error": "Missing price",
      "page_url": "https://www.nofrills.ca/en/deals/flyer?page=5"
    },
    {
      "store": "nofrills",
      "name": "Cooked Turkey Breast Slices",
      "price": null,
      "unit": "175 g, $2.00/100g",
      "original_price": null,
      "image_url": "https://digital.loblaws.ca/PCX/21590285_EA/en/1/21590285_enfr_front_1200.png",
      "valid": false,
      "error": "Missing price",
      "page_url": "https://www.nofrills.ca/en/deals/flyer?page=5"
    },
    {
      "store": "nofrills",
      "name": "Coconut Beverage, Unsweetened Original, Dairy-Free",
      "price": "$3.75",
      "unit": "1.89 l, $0.20/100ml",
      "original_price": "$4.00",
      "image_url": "https://digital.loblaws.ca/PCX/20773777_EA/en/1/20773777_en_front_1200.png",
      "valid": true,
      "error": "Missing",
      "page_url": "https://www.nofrills.ca/en/deals/flyer?page=5"
    },
    {
      "store": "nofrills",
      "name": "Pizza Mozzarella Cheese",
      "price": null,
      "unit": "400 g, $2.00/100g",
      "original_price": null,
      "image_url": "https://digital.loblaws.ca/PCX/21347040_EA/en/1/21347040_en_front_v1_1200.png",
      "valid": false,
      "error": "Missing price",
      "page_url": "https://www.nofrills.ca/en/deals/flyer?page=5"
    },
    {
      "store": "nofrills",
      "name": "Mozza Cheddar Shredded Cheese",
      "price": "$6.00",
      "unit": "320 g, $1.88/100g",
      "original_price": "$7.79",
      "image_url": "https://digital.loblaws.ca/PCX/21290620_EA/en/1/21290620_enfr_front_1200.png",
      "valid": true,
      "error": "Missing",
      "page_url": "https://www.nofrills.ca/en/deals/flyer?page=5"
    },
    {
      "store": "nofrills",
      "name": "Nestlé Milk Chocolate, Peppermint",
      "price": "$1.75",
      "unit": "95 g, $2.63/100g",
      "original_price": null,
      "image_url": "https://digital.loblaws.ca/PCX/21080246_EA/en/1/21080246_enfr_front_v1_1200.png",
      "valid": true,
      "error": "Missing",
      "page_url": "https://www.nofrills.ca/en/deals/flyer?page=5"
    },
    {
      "store": "nofrills",
      "name": "Regular Garbage Bags",
      "price": null,
      "unit": "40 ea, $0.23/1ea",
      "original_price": null,
      "image_url": "https://digital.loblaws.ca/PCX/21116660_EA/en/1/21116660_en_front_1200.png",
      "valid": false,
      "error": "Missing price",
      "page_url": "https://www.nofrills.ca/en/deals/flyer?page=5"
    },
    {
      "store": "nofrills",
      "name": "Eggo Waffles Blueberry Flavour",
      "price": "$3.00",
      "unit": "280 g, $1.07/100g",
      "original_price": "$4.25",
      "image_url": "https://digital.loblaws.ca/PCX/20323436001_EA/en/1/20323436001_en_front_1200.png",
      "valid": true,
      "error": "Missing",
      "page_url": "https://www.nofrills.ca/en/deals/flyer?page=5"
    },
    {
      "store": "nofrills",
      "name": "Caesar Chopped Salad Kit",
      "price": "$4.99",
      "unit": "316 g, $1.58/100g",
      "original_price": "$5.99",
      "image_url": "https://digital.loblaws.ca/PCX/21599513_EA/en/1/21599513_en_front_1200.png",
      "valid": true,
      "error": "Missing",
      "page_url": "https://www.nofrills.ca/en/deals/flyer?page=5"
    },
    {
      "store": "nofrills",
      "name": "Maple Bourbon Bacon Chopped Salad Kit",
      "price": "$4.99",
      "unit": "315 g, $1.58/100g",
      "original_price": "$5.99",
      "image_url": "https://digital.loblaws.ca/PCX/21414456_EA/en/1/21414456_en_front_1200.png",
      "valid": true,
      "error": "Missing",
      "page_url": "https://www.nofrills.ca/en/deals/flyer?page=5"
    },
    {
      "store": "nofrills",
      "name": "Restaurant Style Frites Extra Thin Gourmet Fries",
      "price": "$3.00",
      "unit": "750 g, $0.40/100g",
      "original_price": "$3.50",
      "image_url": "https://digital.loblaws.ca/PCX/20962093_EA/en/1/20962093_enfr_front_v2_1200.png",
      "valid": true,
      "error": "Missing",
      "page_url": "https://www.nofrills.ca/en/deals/flyer?page=5"
    },
    {
      "store": "nofrills",
      "name": "Raspberry",
      "price": null,
      "unit": "12x355.0 ml, $0.15/100ml",
      "original_price": null,
      "image_url": "https://digital.loblaws.ca/PCX/21508926_C12/en/1/21508926_en_front_1200.png",
      "valid": false,
      "error": "Missing price",
      "page_url": "https://www.nofrills.ca/en/deals/flyer?page=5"
    },
    {
      "store": "nofrills",
      "name": "Méditerranée 9% Yogurt, Black Cherry",
      "price": "$3.25",
      "unit": "500 g, $0.65/100g",
      "original_price": "$3.50",
      "image_url": "https://digital.loblaws.ca/PCX/20788062001_EA/en/1/20788062001_en_front_v1_1200.png",
      "valid": true,
      "error": "Missing",
      "page_url": "https://www.nofrills.ca/en/deals/flyer?page=5"
    },
    {
      "store": "nofrills",
      "name": "Black Cherry Sparkling Water",
      "price": "$1.00",
      "unit": "503 ml, $0.20/100ml",
      "original_price": "$1.29",
      "image_url": "https://digital.loblaws.ca/PCX/21581371_EA/en/1/21581371_en_front_v1_1200.png",
      "valid": true,
      "error": "Missing",
      "page_url": "https://www.nofrills.ca/en/deals/flyer?page=5"
    },
    {
      "store": "nofrills",
      "name": "Aero Scoops Vanilla Bean",
      "price": "$1.75",
      "unit": "105 g, $2.38/100g",
      "original_price": null,
      "image_url": "https://digital.loblaws.ca/PCX/21648436_EA/en/1/5980075295_enfr_front_centre_marketing_GS1_Marketing_1200.png",
      "valid": true,
      "error": "Missing",
      "page_url": "https://www.nofrills.ca/en/deals/flyer?page=5"
    },
    {
      "store": "nofrills",
      "name": "Original Balkan Style Plain Yogurt 3%",
      "price": "$2.97",
      "unit": "750 g, $0.40/100g",
      "original_price": "$3.50",
      "image_url": "https://digital.loblaws.ca/PCX/20170533002_EA/en/1/20170533002_enfr_front_v2_1200.png",
      "valid": true,
      "error": "Missing",
      "page_url": "https://www.nofrills.ca/en/deals/flyer?page=5"
    },
    {
      "store": "nofrills",
      "name": "Cinnamon Swirl Iced Loaf Cake",
      "price": "$3.99",
      "unit": "400 g, $1.00/100g",
      "original_price": "$5.50",
      "image_url": "https://digital.loblaws.ca/PCX/21489018_EA/en/1/21489018_en_front_1200.png",
      "valid": true,
      "error": "Missing",
      "page_url": "https://www.nofrills.ca/en/deals/flyer?page=5"
    },
    {
      "store": "nofrills",
      "name": "Cashews, Unsalted",
      "price": "$11.88",
      "unit": "908 g, $1.31/100g",
      "original_price": "$16.49",
      "image_url": "https://digital.loblaws.ca/PCX/20314862001_EA/en/1/77079505135_enfr_front_centre_marketing_1_GS1_Ecommerce_v1_1200.png",
      "valid": true,
      "error": "Missing",
      "page_url": "https://www.nofrills.ca/en/deals/flyer?page=6"
    },
    {
      "store": "nofrills",
      "name": "Banana Flavor Drinkable yogurt, 1MF",
      "price": null,
      "unit": "200 ml, $0.50/100g",
      "original_price": null,
      "image_url": "https://digital.loblaws.ca/PCX/21587279_EA/en/1/21587279_en_front_v1_1200.png",
      "valid": false,
      "error": "Missing price",
      "page_url": "https://www.nofrills.ca/en/deals/flyer?page=6"
    },
    {
      "store": "nofrills",
      "name": "Broccoli Crunch Chopped Salad Kit",
      "price": "$4.99",
      "unit": "360 g, $1.39/100g",
      "original_price": "$5.99",
      "image_url": "https://digital.loblaws.ca/PCX/21381584_EA/en/1/21381584_en_front_v1_1200.png",
      "valid": true,
      "error": "Missing",
      "page_url": "https://www.nofrills.ca/en/deals/flyer?page=6"
    },
    {
      "store": "nofrills",
      "name": "Sweet Basil Pasta Sauce",
      "price": null,
      "unit": "650 ml, $0.54/100ml",
      "original_price": null,
      "image_url": "https://digital.loblaws.ca/PCX/20131344009_EA/en/1/20131344009_en_front_1200.png",
      "valid": false,
      "error": "Missing price",
      "page_url": "https://www.nofrills.ca/en/deals/flyer?page=6"
    },
    {
      "store": "nofrills",
      "name": "Restaurant Style Pub Fries",
      "price": "$3.00",
      "unit": "750 g, $0.40/100g",
      "original_price": "$3.50",
      "image_url": "https://digital.loblaws.ca/PCX/20962325_EA/en/1/20962325_enfr_front_v2_1200.png",
      "valid": true,
      "error": "Missing",
      "page_url": "https://www.nofrills.ca/en/deals/flyer?page=6"
    },
    {
      "store": "nofrills",
      "name": "Macaroni & Cheese Classic Cheddar",
      "price": "$2.00",
      "unit": "170 g, $1.18/100g",
      "original_price": "$2.50",
      "image_url": "https://digital.loblaws.ca/PCX/20971517_EA/en/1/20971517_en_front_v1_1200.png",
      "valid": true,
      "error": "Missing",
      "page_url": "https://www.nofrills.ca/en/deals/flyer?page=6"
    },
    {
      "store": "nofrills",
      "name": "Sliced Loaf Cake, Marble",
      "price": "$3.99",
      "unit": "344 g, $1.16/100g",
      "original_price": "$5.50",
      "image_url": "https://digital.loblaws.ca/PCX/21542157_EA/en/1/21542157_en_front_1200.png",
      "valid": true,
      "error": "Missing",
      "page_url": "https://www.nofrills.ca/en/deals/flyer?page=6"
    },
    {
      "store": "nofrills",
      "name": "Lunch Mate Turkey Lunch Kit",
      "price": null,
      "unit": "90 g, $3.33/100g",
      "original_price": null,
      "image_url": "https://digital.loblaws.ca/PCX/21309931_EA/en/1/21309931_enfr_front_v2_1200.png",
      "valid": false,
      "error": "Missing price",
      "page_url": "https://www.nofrills.ca/en/deals/flyer?page=6"
    },
    {
      "store": "nofrills",
      "name": "Scoopable Unscented Clumping Cat Litter with Baking Soda",
      "price": "$9.00",
      "unit": "18 kg, $0.05/100g",
      "original_price": "$10.00",
      "image_url": "https://digital.loblaws.ca/PCX/20177169002_EA/en/1/6038369130_en_front_centre_marketing_A_1_GS1_Ecommerce_1200.png",
      "valid": true,
      "error": "Missing",
      "page_url": "https://www.nofrills.ca/en/deals/flyer?page=6"
    },
    {
      "store": "nofrills",
      "name": "Natural Selections Shaved Deli Turkey Breast, Hickory Smoked",
      "price": "$5.00",
      "unit": "175 g, $28.57/1kg $2.86/100g",
      "original_price": "$7.99",
      "image_url": "https://digital.loblaws.ca/PCX/20582322_EA/en/1/20582322_enfr_front_v2_1200.png",
      "valid": true,
      "error": "Missing",
      "page_url": "https://www.nofrills.ca/en/deals/flyer?page=6"
    },
    {
      "store": "nofrills",
      "name": "Extra-Scented Scoopable Clumping Cat Litter for Multiple Cats",
      "price": "$9.00",
      "unit": "18 kg, $0.05/100g",
      "original_price": "$10.00",
      "image_url": "https://digital.loblaws.ca/PCX/20177169001_EA/en/1/20177169001_en_front_1200.png",
      "valid": true,
      "error": "Missing",
      "page_url": "https://www.nofrills.ca/en/deals/flyer?page=6"
    },
    {
      "store": "nofrills",
      "name": "Soy Milk Alternative, Original, Dairy-Free",
      "price": "$3.75",
      "unit": "1.89 l, $0.20/100ml",
      "original_price": "$4.00",
      "image_url": "https://digital.loblaws.ca/PCX/20124384001_EA/en/1/20124384001_en_front_v1_1200.png",
      "valid": true,
      "error": "Missing",
      "page_url": "https://www.nofrills.ca/en/deals/flyer?page=6"
    },
    {
      "store": "nofrills",
      "name": "Aefo Truffle Salted Caramel, Milk Chocolate",
      "price": "$1.75",
      "unit": "105 g, $2.38/100g",
      "original_price": null,
      "image_url": "https://digital.loblaws.ca/PCX/21571058_EA/en/1/21571058_enfr_front_v1_1200.png",
      "valid": true,
      "error": "Missing",
      "page_url": "https://www.nofrills.ca/en/deals/flyer?page=6"
    },
    {
      "store": "nofrills",
      "name": "Mortadella",
      "price": "$3.00",
      "unit": "175 g, $17.14/1kg $1.71/100g",
      "original_price": "$4.50",
      "image_url": "https://digital.loblaws.ca/PCX/20576743_EA/en/1/20576743_en_front_1200.png",
      "valid": true,
      "error": "Missing",
      "page_url": "https://www.nofrills.ca/en/deals/flyer?page=6"
    },
    {
      "store": "nofrills",
      "name": "Farmer's Marble Cheese",
      "price": "$3.00",
      "unit": "200 g, $1.50/100g",
      "original_price": "$3.79",
      "image_url": "https://digital.loblaws.ca/PCX/20331973_EA/en/1/20331973_en_front_1200.png",
      "valid": true,
      "error": "Missing",
      "page_url": "https://www.nofrills.ca/en/deals/flyer?page=6"
    },
    {
      "store": "nofrills",
      "name": "Kiwi Strawberry Sparkling Water",
      "price": "$1.00",
      "unit": "503 ml, $0.20/100ml",
      "original_price": "$1.29",
      "image_url": "https://digital.loblaws.ca/PCX/20885450003_EA/en/1/20885450003_en_front_1200.png",
      "valid": true,
      "error": "Missing",
      "page_url": "https://www.nofrills.ca/en/deals/flyer?page=6"
    },
    {
      "store": "nofrills",
      "name": "Pub Style Chicken Nugget, Fully Cooked",
      "price": "$7.00",
      "unit": "700 g, $1.00/100g",
      "original_price": "$11.50",
      "image_url": "https://digital.loblaws.ca/PCX/21191830_EA/en/1/6929912690_en_front_centre_marketing_GS1_Ecommerce_1200.png",
      "valid": true,
      "error": "Missing",
      "page_url": "https://www.nofrills.ca/en/deals/flyer?page=6"
    },
    {
      "store": "nofrills",
      "name": "Quick Crisp Onion Rings",
      "price": "$3.00",
      "unit": "400 g, $0.75/100g",
      "original_price": "$3.50",
      "image_url": "https://digital.loblaws.ca/PCX/21584155_EA/en/1/21584155_enfr_front_v1_1200.png",
      "valid": true,
      "error": "Missing",
      "page_url": "https://www.nofrills.ca/en/deals/flyer?page=6"
    },
    {
      "store": "nofrills",
      "name": "! Mozza Cheddar Twists 12-Pack",
      "price": null,
      "unit": "228 g, $2.63/100g",
      "original_price": null,
      "image_url": "https://digital.loblaws.ca/PCX/21403514_EA/en/1/21403514_enfr_front_v2_1200.png",
      "valid": false,
      "error": "Missing price",
      "page_url": "https://www.nofrills.ca/en/deals/flyer?page=6"
    },
    {
      "store": "nofrills",
      "name": "Whipped Topping",
      "price": "$3.00",
      "unit": "1 l, $0.30/100ml",
      "original_price": "$3.79",
      "image_url": "https://digital.loblaws.ca/PCX/20113422001_EA/en/1/6038303218_enfr_front_centre_marketing_GS1_Ecommerce_1200.png",
      "valid": true,
      "error": "Missing",
      "page_url": "https://www.nofrills.ca/en/deals/flyer?page=6"
    },
    {
      "store": "nofrills",
      "name": "KITKAT Tablet, Wafers & Salted Caramel Filling",
      "price": "$1.75",
      "unit": "99 g, $2.53/100g",
      "original_price": null,
      "image_url": "https://digital.loblaws.ca/PCX/21648279_EA/en/1/21648279_enfr_front_v1_1200.png",
      "valid": true,
      "error": "Missing",
      "page_url": "https://www.nofrills.ca/en/deals/flyer?page=6"
    },
    {
      "store": "nofrills",
      "name": "Taco Seasoning Mix",
      "price": null,
      "unit": "24 g, $4.17/100g",
      "original_price": null,
      "image_url": "https://digital.loblaws.ca/PCX/21311250_EA/en/1/21311250_en_front_1200.png",
      "valid": false,
      "error": "Missing price",
      "page_url": "https://www.nofrills.ca/en/deals/flyer?page=6"
    },
    {
      "store": "nofrills",
      "name": "Fruit by the Foot Fruit Flavoured Snacks, Variety Pack, Gluten Free, 6 ct",
      "price": null,
      "unit": "128 g, $2.34/100g",
      "original_price": null,
      "image_url": "https://digital.loblaws.ca/PCX/20318474001_EA/en/1/20318474001_en_front_v1_1200.png",
      "valid": false,
      "error": "Missing price",
      "page_url": "https://www.nofrills.ca/en/deals/flyer?page=6"
    },
    {
      "store": "nofrills",
      "name": "Chips Ahoy! Chunks Cookies",
      "price": null,
      "unit": "251 g, $1.00/100g",
      "original_price": null,
      "image_url": "https://digital.loblaws.ca/PCX/21361517_EA/en/1/21361517_en_front_1200.png",
      "valid": false,
      "error": "Missing price",
      "page_url": "https://www.nofrills.ca/en/deals/flyer?page=6"
    },
    {
      "store": "nofrills",
      "name": "Hazelnut Spread With Cocoa",
      "price": "$4.97",
      "unit": "725 g, $0.69/100g",
      "original_price": "$7.49",
      "image_url": "https://digital.loblaws.ca/PCX/21285418_EA/en/1/21285418_en_front_1200.png",
      "valid": true,
      "error": "Missing",
      "page_url": "https://www.nofrills.ca/en/deals/flyer?page=6"
    },
    {
      "store": "nofrills",
      "name": "Pink Salmon Fillets",
      "price": null,
      "unit": "400 g, $1.75/100g",
      "original_price": null,
      "image_url": "https://digital.loblaws.ca/PCX/21314740_EA/en/1/6148300298_enfr_front_centre_marketing_GS1_Ecommerce_1200.png",
      "valid": false,
      "error": "Missing price",
      "page_url": "https://www.nofrills.ca/en/deals/flyer?page=6"
    },
    {
      "store": "nofrills",
      "name": "Original Cayenne Pepper Sauce",
      "price": "$3.99",
      "unit": "354 ml, $1.13/100ml",
      "original_price": "$4.50",
      "image_url": "https://digital.loblaws.ca/PCX/20187632001_EA/en/1/20187632001_enfr_front_1200.png",
      "valid": true,
      "error": "Missing",
      "page_url": "https://www.nofrills.ca/en/deals/flyer?page=6"
    },
    {
      "store": "nofrills",
      "name": "Soft Drink",
      "price": "$1.00",
      "unit": "1 l, $0.10/100ml",
      "original_price": "$1.75",
      "image_url": "https://digital.loblaws.ca/PCX/20040201001_EA/en/1/20040201001_enfr_front_v1_1200.png",
      "valid": true,
      "error": "Missing",
      "page_url": "https://www.nofrills.ca/en/deals/flyer?page=6"
    },
    {
      "store": "nofrills",
      "name": "Thai Chili Mango Chopped Salad Kit",
      "price": "$4.99",
      "unit": "319 g, $1.56/100g",
      "original_price": "$5.99",
      "image_url": "https://digital.loblaws.ca/PCX/21381577_EA/en/1/21381577_en_front_v1_1200.png",
      "valid": true,
      "error": "Missing",
      "page_url": "https://www.nofrills.ca/en/deals/flyer?page=6"
    },
    {
      "store": "nofrills",
      "name": "Crispy Minis Ketchup flavour brown rice chips",
      "price": "$2.50",
      "unit": "100 g, $2.50/100g",
      "original_price": "$2.79",
      "image_url": "https://digital.loblaws.ca/PCX/20303002006_EA/en/1/20303002006_en_front_1200.png",
      "valid": true,
      "error": "Missing",
      "page_url": "https://www.nofrills.ca/en/deals/flyer?page=6"
    },
    {
      "store": "nofrills",
      "name": "Peaches N Cream Corn",
      "price": "$3.00",
      "unit": "750 g, $0.40/100g",
      "original_price": "$3.50",
      "image_url": "https://digital.loblaws.ca/PCX/21022270_EA/en/1/21022270_en_front_1200.png",
      "valid": true,
      "error": "Missing",
      "page_url": "https://www.nofrills.ca/en/deals/flyer?page=6"
    },
    {
      "store": "nofrills",
      "name": "Smoked Cajun Chicken Slices",
      "price": null,
      "unit": "175 g, $2.00/100g",
      "original_price": null,
      "image_url": "https://digital.loblaws.ca/PCX/21596260_EA/en/1/21596260_en_front_1200.png",
      "valid": false,
      "error": "Missing price",
      "page_url": "https://www.nofrills.ca/en/deals/flyer?page=6"
    },
    {
      "store": "nofrills",
      "name": "Aero Truffle Tiramisu",
      "price": "$1.75",
      "unit": "105 g, $2.38/100g",
      "original_price": null,
      "image_url": "https://digital.loblaws.ca/PCX/21351029_EA/en/1/21351029_enfr_front_v1_1200.png",
      "valid": true,
      "error": "Missing",
      "page_url": "https://www.nofrills.ca/en/deals/flyer?page=6"
    },
    {
      "store": "nofrills",
      "name": "Aero Scoops Double Chocolate",
      "price": "$1.75",
      "unit": "105 g, $2.38/100g",
      "original_price": null,
      "image_url": "https://digital.loblaws.ca/PCX/21648335_EA/en/1/5980075293_enfr_front_centre_marketing_GS1_Marketing_1200.png",
      "valid": true,
      "error": "Missing",
      "page_url": "https://www.nofrills.ca/en/deals/flyer?page=6"
    },
    {
      "store": "nofrills",
      "name": "Peas Tender Young, Sweetlets",
      "price": "$3.00",
      "unit": "750 g, $0.40/100g",
      "original_price": "$3.50",
      "image_url": "https://digital.loblaws.ca/PCX/21022277_EA/en/1/21022277_en_front_1200.png",
      "valid": true,
      "error": "Missing",
      "page_url": "https://www.nofrills.ca/en/deals/flyer?page=6"
    },
    {
      "store": "nofrills",
      "name": "Sparkling Water Mango",
      "price": null,
      "unit": "12x355.0 ml, $0.15/100ml",
      "original_price": null,
      "image_url": "https://digital.loblaws.ca/PCX/21443732_C12/en/1/21443732_en_front_1200.png",
      "valid": false,
      "error": "Missing price",
      "page_url": "https://www.nofrills.ca/en/deals/flyer?page=6"
    },
    {
      "store": "nofrills",
      "name": "Everything Chopped Salad Kit",
      "price": "$4.99",
      "unit": "336 g, $1.52/100g",
      "original_price": "$5.99",
      "image_url": "https://digital.loblaws.ca/PCX/21335140_EA/en/1/21335140_en_front_v1_1200.png",
      "valid": true,
      "error": "Missing",
      "page_url": "https://www.nofrills.ca/en/deals/flyer?page=6"
    },
    {
      "store": "nofrills",
      "name": "PūrFiltre Milk 3.25% Homogenized",
      "price": "$4.00",
      "unit": "2 l, $0.20/100ml",
      "original_price": "$6.11",
      "image_url": "https://digital.loblaws.ca/PCX/21424994_EA/en/1/21424994_en_front_1200.png",
      "valid": true,
      "error": "Missing",
      "page_url": "https://www.nofrills.ca/en/deals/flyer?page=6"
    },
    {
      "store": "nofrills",
      "name": "Flakes of Ham by Maple Leaf",
      "price": "$2.00",
      "unit": "156 g, $1.28/100g",
      "original_price": "$3.69",
      "image_url": "https://digital.loblaws.ca/PCX/20298273001_EA/en/1/20298273001_en_front_v2_1200.png",
      "valid": true,
      "error": "Missing",
      "page_url": "https://www.nofrills.ca/en/deals/flyer?page=6"
    },
    {
      "store": "nofrills",
      "name": "Loaf Cake, Banana",
      "price": "$3.99",
      "unit": "390 g, $1.02/100g",
      "original_price": "$5.50",
      "image_url": "https://digital.loblaws.ca/PCX/20565382_EA/en/1/6148301226_enfr_front_centre_marketing_GS1_Ecommerce_1200.png",
      "valid": true,
      "error": "Missing",
      "page_url": "https://www.nofrills.ca/en/deals/flyer?page=6"
    },
    {
      "store": "nofrills",
      "name": "Energy Drink™",
      "price": null,
      "unit": "250 ml, $1.20/100ml",
      "original_price": null,
      "image_url": "https://digital.loblaws.ca/PCX/20702466_EA/en/1/20702466_enfr_front_v1_1200.png",
      "valid": false,
      "error": "Missing price",
      "page_url": "https://www.nofrills.ca/en/deals/flyer?page=6"
    },
    {
      "store": "nofrills",
      "name": "Triscuit Low Sodium Snacking Crackers, make for a convenient snack",
      "price": null,
      "unit": "200 g, $1.25/100g",
      "original_price": null,
      "image_url": "https://digital.loblaws.ca/PCX/21032648_EA/en/1/21032648_en_front_1200.png",
      "valid": false,
      "error": "Missing price",
      "page_url": "https://www.nofrills.ca/en/deals/flyer?page=6"
    },
    {
      "store": "nofrills",
      "name": "Méditerranée 9% Yogurt, Raspberry Cheesecake",
      "price": "$3.25",
      "unit": "500 g, $0.65/100g",
      "original_price": "$3.50",
      "image_url": "https://digital.loblaws.ca/PCX/21473714_EA/en/1/6568413138_en_front_centre_marketing_GS1_Ecommerce_1200.png",
      "valid": true,
      "error": "Missing",
      "page_url": "https://www.nofrills.ca/en/deals/flyer?page=6"
    },
    {
      "store": "nofrills",
      "name": "Guacamole Crunch Chopped Salad Kit",
      "price": "$4.99",
      "unit": "319 g, $1.56/100g",
      "original_price": "$5.99",
      "image_url": "https://digital.loblaws.ca/PCX/21381581_EA/en/1/21381581_en_front_v1_1200.png",
      "valid": true,
      "error": "Missing",
      "page_url": "https://www.nofrills.ca/en/deals/flyer?page=6"
    },
    {
      "store": "nofrills",
      "name": "Almond Milk Alternative, Dark Chocolate Flavour",
      "price": "$3.75",
      "unit": "1.89 l, $0.20/100ml",
      "original_price": "$4.00",
      "image_url": "https://digital.loblaws.ca/PCX/20328231001_EA/en/1/20328231001_en_front_1200.png",
      "valid": true,
      "error": "Missing",
      "page_url": "https://www.nofrills.ca/en/deals/flyer?page=6"
    },
    {
      "store": "nofrills",
      "name": "Crunch, Sharp White Cheddar, Baked Snack Crackers",
      "price": "$2.00",
      "unit": "191 g, $1.05/100g",
      "original_price": "$2.79",
      "image_url": "https://digital.loblaws.ca/PCX/21214559_EA/en/1/21214559_en_front_v1_1200.png",
      "valid": true,
      "error": "Missing",
      "page_url": "https://www.nofrills.ca/en/deals/flyer?page=6"
    },
    {
      "store": "nofrills",
      "name": "Ready Crisp Fully Cooked Natural Bacon Slices",
      "price": "$5.00",
      "unit": "65 g, $7.69/100g",
      "original_price": "$6.00",
      "image_url": "https://digital.loblaws.ca/PCX/20164959_EA/en/1/20164959_en_front_1200.png",
      "valid": true,
      "error": "Missing",
      "page_url": "https://www.nofrills.ca/en/deals/flyer?page=6"
    },
    {
      "store": "nofrills",
      "name": "Roasted Garlic Pasta Sauce",
      "price": null,
      "unit": "650 ml, $0.54/100ml",
      "original_price": null,
      "image_url": "https://digital.loblaws.ca/PCX/20131344006_EA/en/1/6038398751_enfr_front_centre_marketing_GS1_Ecommerce_1200.png",
      "valid": false,
      "error": "Missing price",
      "page_url": "https://www.nofrills.ca/en/deals/flyer?page=6"
    },
    {
      "store": "nofrills",
      "name": "KitKat Tablet, KITKAT Wafers & Hazelnut Filling",
      "price": "$1.75",
      "unit": "99 g, $2.53/100g",
      "original_price": null,
      "image_url": "https://digital.loblaws.ca/PCX/21648501_EA/en/1/21648501_enfr_front_1200.png",
      "valid": true,
      "error": "Missing",
      "page_url": "https://www.nofrills.ca/en/deals/flyer?page=7"
    },
    {
      "store": "nofrills",
      "name": "Light Feta Cheese",
      "price": "$5.00",
      "unit": "200 g, $2.50/100g",
      "original_price": "$7.49",
      "image_url": "https://digital.loblaws.ca/PCX/20573976_EA/en/1/20573976_en_front_1200.png",
      "valid": true,
      "error": "Missing",
      "page_url": "https://www.nofrills.ca/en/deals/flyer?page=7"
    },
    {
      "store": "nofrills",
      "name": "Méditerranée 9% Yogurt, Coconut",
      "price": "$3.25",
      "unit": "500 g, $0.65/100g",
      "original_price": "$3.50",
      "image_url": "https://digital.loblaws.ca/PCX/20788062002_EA/en/1/20788062002_en_front_1200.png",
      "valid": true,
      "error": "Missing",
      "page_url": "https://www.nofrills.ca/en/deals/flyer?page=7"
    },
    {
      "store": "nofrills",
      "name": "Aero Truffle Milk Chocolate Mousse",
      "price": "$1.75",
      "unit": "105 g, $2.38/100g",
      "original_price": null,
      "image_url": "https://digital.loblaws.ca/PCX/21237534_EA/en/1/21237534_enfr_front_v1_1200.png",
      "valid": true,
      "error": "Missing",
      "page_url": "https://www.nofrills.ca/en/deals/flyer?page=7"
    },
    {
      "store": "nofrills",
      "name": "Aluminum Foil 100 ft",
      "price": null,
      "unit": "1 ea, $5.00/1ea",
      "original_price": null,
      "image_url": "https://digital.loblaws.ca/PCX/21119988_EA/en/1/6038320373_enfr_front_centre_marketing_GS1_Ecommerce_1200.png",
      "valid": false,
      "error": "Missing price",
      "page_url": "https://www.nofrills.ca/en/deals/flyer?page=7"
    },
    {
      "store": "nofrills",
      "name": "Chips Ahoy! Rainbow Chocolate Chip Cookies, Resealable pack",
      "price": null,
      "unit": "258 g, $0.97/100g",
      "original_price": null,
      "image_url": "https://digital.loblaws.ca/PCX/21362264_EA/en/1/21362264_en_front_1200.png",
      "valid": false,
      "error": "Missing price",
      "page_url": "https://www.nofrills.ca/en/deals/flyer?page=7"
    },
    {
      "store": "nofrills",
      "name": "Original Yogurt Vanilla Balkan 3.25%",
      "price": "$2.97",
      "unit": "650 g, $0.46/100g",
      "original_price": "$3.50",
      "image_url": "https://digital.loblaws.ca/PCX/20165226002_EA/en/1/20165226002_enfr_front_v2_1200.png",
      "valid": true,
      "error": "Missing",
      "page_url": "https://www.nofrills.ca/en/deals/flyer?page=7"
    },
    {
      "store": "nofrills",
      "name": "Quinn's Swiss Roll Chocolate",
      "price": null,
      "unit": "6x67.0 g, $1.24/100g",
      "original_price": null,
      "image_url": "https://digital.loblaws.ca/PCX/21392547_EA/en/1/85831500046_enfr_front_centre_marketing_GS1_Ecommerce_1200.png",
      "valid": false,
      "error": "Missing price",
      "page_url": "https://www.nofrills.ca/en/deals/flyer?page=7"
    },
    {
      "store": "nofrills",
      "name": "Zesty Italian Salad Dressing",
      "price": null,
      "unit": "425 ml, $0.71/100ml",
      "original_price": null,
      "image_url": "https://digital.loblaws.ca/PCX/21584749_EA/en/1/21584749_en_front_1200.png",
      "valid": false,
      "error": "Missing price",
      "page_url": "https://www.nofrills.ca/en/deals/flyer?page=7"
    },
    {
      "store": "nofrills",
      "name": "Catalina Salad Dressing",
      "price": null,
      "unit": "425 ml, $0.71/100ml",
      "original_price": null,
      "image_url": "https://digital.loblaws.ca/PCX/21584927_EA/en/1/21584927_en_front_v1_1200.png",
      "valid": false,
      "error": "Missing price",
      "page_url": "https://www.nofrills.ca/en/deals/flyer?page=7"
    },
    {
      "store": "nofrills",
      "name": "Pretzel Crisps, Garlic Parmesan",
      "price": "$5.00",
      "unit": "200 g, $2.50/100g",
      "original_price": "$5.79",
      "image_url": "https://digital.loblaws.ca/PCX/20948939_EA/en/1/20948939_en_front_1200.png",
      "valid": true,
      "error": "Missing",
      "page_url": "https://www.nofrills.ca/en/deals/flyer?page=7"
    },
    {
      "store": "nofrills",
      "name": "ClingWrap Plastic Wrap, 60m",
      "price": "$3.50",
      "unit": "1 ea",
      "original_price": "$4.00",
      "image_url": "https://digital.loblaws.ca/PCX/20043471_EA/en/1/20043471_en_front_v1_1200.png",
      "valid": true,
      "error": "Missing",
      "page_url": "https://www.nofrills.ca/en/deals/flyer?page=7"
    },
    {
      "store": "nofrills",
      "name": "Crispy Minis Butter Popcorn flavour brown rice chips",
      "price": "$2.50",
      "unit": "100 g, $2.50/100g",
      "original_price": "$2.79",
      "image_url": "https://digital.loblaws.ca/PCX/20313988002_EA/en/1/20313988002_en_front_1200.png",
      "valid": true,
      "error": "Missing",
      "page_url": "https://www.nofrills.ca/en/deals/flyer?page=7"
    },
    {
      "store": "nofrills",
      "name": "All-Day Breakfast Onion Hash Brown Patties",
      "price": "$3.00",
      "unit": "600 g, $0.50/100g",
      "original_price": "$4.50",
      "image_url": "https://digital.loblaws.ca/PCX/20730092_EA/en/1/20730092_enfr_front_v1_1200.png",
      "valid": true,
      "error": "Missing",
      "page_url": "https://www.nofrills.ca/en/deals/flyer?page=7"
    },
    {
      "store": "nofrills",
      "name": "100% Pure Canola Oil",
      "price": "$3.99",
      "unit": "946 ml, $0.42/100ml",
      "original_price": "$5.00",
      "image_url": "https://digital.loblaws.ca/PCX/20088990_EA/en/1/20088990_en_front_1200.png",
      "valid": true,
      "error": "Missing",
      "page_url": "https://www.nofrills.ca/en/deals/flyer?page=7"
    },
    {
      "store": "nofrills",
      "name": "Méditerranée Yogourt Mango 9 % M.F.",
      "price": "$3.25",
      "unit": "500 g, $0.65/100g",
      "original_price": "$3.50",
      "image_url": "https://digital.loblaws.ca/PCX/21547567_EA/en/1/21547567_en_front_1200.png",
      "valid": true,
      "error": "Missing",
      "page_url": "https://www.nofrills.ca/en/deals/flyer?page=7"
    },
    {
      "store": "nofrills",
      "name": "Markdale Creamery Butterscotch Ripple Ice Cream",
      "price": null,
      "unit": "2 l, $0.20/100ml",
      "original_price": null,
      "image_url": "https://digital.loblaws.ca/PCX/20315236003_EA/en/1/20315236003_enfr_front_v1_1200.png",
      "valid": false,
      "error": "Missing price",
      "page_url": "https://www.nofrills.ca/en/deals/flyer?page=7"
    },
    {
      "store": "nofrills",
      "name": "OREO Thins, Original Chocolate Sandwich Cookie",
      "price": null,
      "unit": "261 g, $0.96/100g",
      "original_price": null,
      "image_url": "https://digital.loblaws.ca/PCX/21588677_EA/en/1/21588677_enfr_front_1200.png",
      "valid": false,
      "error": "Missing price",
      "page_url": "https://www.nofrills.ca/en/deals/flyer?page=7"
    },
    {
      "store": "nofrills",
      "name": "Peach Nectarine Sparkling Water",
      "price": "$1.00",
      "unit": "503 ml, $0.20/100ml",
      "original_price": "$1.29",
      "image_url": "https://digital.loblaws.ca/PCX/21435670_EA/en/1/1657195771_en_front_centre_marketing_A_1_GS1_Ecommerce_v1_1200.png",
      "valid": true,
      "error": "Missing",
      "page_url": "https://www.nofrills.ca/en/deals/flyer?page=7"
    },
    {
      "store": "nofrills",
      "name": "Frozen Bay Scallops",
      "price": null,
      "unit": "400 g, $1.75/100g",
      "original_price": null,
      "image_url": "https://digital.loblaws.ca/PCX/21558527_EA/en/1/21558527_en_front_1200.png",
      "valid": false,
      "error": "Missing price",
      "page_url": "https://www.nofrills.ca/en/deals/flyer?page=7"
    },
    {
      "store": "nofrills",
      "name": "Dairy Milk Hazelnut Chocolate Bar with Chopped Hazelnuts",
      "price": null,
      "unit": "90 g, $3.33/100g",
      "original_price": "$3.29",
      "image_url": "https://digital.loblaws.ca/PCX/21648607_EA/en/1/21648607_enfr_front_1200.png",
      "valid": false,
      "error": "Missing price",
      "page_url": "https://www.nofrills.ca/en/deals/flyer?page=7"
    },
    {
      "store": "nofrills",
      "name": "Smoked Chicken Breast Slices",
      "price": null,
      "unit": "175 g, $2.00/100g",
      "original_price": null,
      "image_url": "https://digital.loblaws.ca/PCX/21590180_EA/en/1/21590180_enfr_front_v1_1200.png",
      "valid": false,
      "error": "Missing price",
      "page_url": "https://www.nofrills.ca/en/deals/flyer?page=7"
    },
    {
      "store": "nofrills",
      "name": "French Vanilla Flavoured Fat Free Coffee Creamer, 63 Servings",
      "price": "$3.88",
      "unit": "946 ml, $0.41/100ml",
      "original_price": "$5.00",
      "image_url": "https://digital.loblaws.ca/PCX/20895480001_EA/en/1/20895480001_en_front_v1_1200.png",
      "valid": true,
      "error": "Missing",
      "page_url": "https://www.nofrills.ca/en/deals/flyer?page=7"
    },
    {
      "store": "nofrills",
      "name": "Coleslaw Dressing",
      "price": null,
      "unit": "425 ml, $0.71/100ml",
      "original_price": null,
      "image_url": "https://digital.loblaws.ca/PCX/21584739_EA/en/1/21584739_en_front_1200.png",
      "valid": false,
      "error": "Missing price",
      "page_url": "https://www.nofrills.ca/en/deals/flyer?page=7"
    },
    {
      "store": "nofrills",
      "name": "Old Cheddar Cheese",
      "price": "$3.00",
      "unit": "200 g, $1.50/100g",
      "original_price": "$3.79",
      "image_url": "https://digital.loblaws.ca/PCX/20305854_EA/en/1/20305854_en_front_v1_1200.png",
      "valid": true,
      "error": "Missing",
      "page_url": "https://www.nofrills.ca/en/deals/flyer?page=7"
    },
    {
      "store": "nofrills",
      "name": "Crunch, Zesty Cheddar Ranch Flavor, Baked Snack Crackers",
      "price": "$2.00",
      "unit": "191 g, $1.05/100g",
      "original_price": "$2.79",
      "image_url": "https://digital.loblaws.ca/PCX/21214557_EA/en/1/21214557_en_front_v1_1200.png",
      "valid": true,
      "error": "Missing",
      "page_url": "https://www.nofrills.ca/en/deals/flyer?page=7"
    },
    {
      "store": "nofrills",
      "name": "Crispy Minis Savoury Tomato & Basil Flavour Large Brown Rice Cakes",
      "price": null,
      "unit": "173 g, $1.45/100g",
      "original_price": null,
      "image_url": "https://digital.loblaws.ca/PCX/20163708001_EA/en/1/20163708001_en_front_1200.png",
      "valid": false,
      "error": "Missing price",
      "page_url": "https://www.nofrills.ca/en/deals/flyer?page=7"
    },
    {
      "store": "nofrills",
      "name": "Purfiltre Partially Skimmed Milk 1%",
      "price": "$4.00",
      "unit": "2 l, $0.20/100ml",
      "original_price": "$5.80",
      "image_url": "https://digital.loblaws.ca/PCX/21425018_EA/en/1/21425018_en_front_1200.png",
      "valid": true,
      "error": "Missing",
      "page_url": "https://www.nofrills.ca/en/deals/flyer?page=7"
    },
    {
      "store": "nofrills",
      "name": "Frozen Yogurt Vanilla",
      "price": "$6.00",
      "unit": "2 l, $0.30/100ml",
      "original_price": "$7.50",
      "image_url": "https://digital.loblaws.ca/PCX/20314434001_EA/en/1/20314434001_en_front_v2_1200.png",
      "valid": true,
      "error": "Missing",
      "page_url": "https://www.nofrills.ca/en/deals/flyer?page=7"
    },
    {
      "store": "nofrills",
      "name": "Alfredo Pasta Sauce",
      "price": null,
      "unit": "410 ml, $0.85/100ml",
      "original_price": null,
      "image_url": "https://digital.loblaws.ca/PCX/20320838001_EA/en/1/6038398690_enfr_front_centre_marketing_GS1_Ecommerce_1200.png",
      "valid": false,
      "error": "Missing price",
      "page_url": "https://www.nofrills.ca/en/deals/flyer?page=7"
    },
    {
      "store": "nofrills",
      "name": "Bear Paws Birthday Cake Cookies",
      "price": "$2.22",
      "unit": "168 g, $1.32/100g",
      "original_price": "$2.50",
      "image_url": "https://digital.loblaws.ca/PCX/21014107_EA/en/1/21014107_en_front_1200.png",
      "valid": true,
      "error": "Missing",
      "page_url": "https://www.nofrills.ca/en/deals/flyer?page=7"
    },
    {
      "store": "nofrills",
      "name": "Tray Variety Pack Soda",
      "price": "$12.99",
      "unit": "24x355.0 ml, $0.15/100ml",
      "original_price": "$13.99",
      "image_url": "https://digital.loblaws.ca/PCX/20375155_C24/en/1/20375155_en_front_1200.png",
      "valid": true,
      "error": "Missing",
      "page_url": "https://www.nofrills.ca/en/deals/flyer?page=7"
    },
    {
      "store": "nofrills",
      "name": "Pub Style Chicken Burger, Fully Cooked",
      "price": "$7.00",
      "unit": "700 g, $1.00/100g",
      "original_price": "$11.50",
      "image_url": "https://digital.loblaws.ca/PCX/21191970_EA/en/1/21191970_en_front_1200.png",
      "valid": true,
      "error": "Missing",
      "page_url": "https://www.nofrills.ca/en/deals/flyer?page=7"
    },
    {
      "store": "nofrills",
      "name": "Super Moist Cake Mix French Vanilla",
      "price": null,
      "unit": "375 g, $0.61/100g",
      "original_price": null,
      "image_url": "https://digital.loblaws.ca/PCX/21547834_EA/en/1/21547834_en_front_v1_1200.png",
      "valid": false,
      "error": "Missing price",
      "page_url": "https://www.nofrills.ca/en/deals/flyer?page=7"
    },
    {
      "store": "nofrills",
      "name": "Lemon Scent Bleach Club Size",
      "price": null,
      "unit": "2.4 l, $0.17/100ml",
      "original_price": null,
      "image_url": "https://digital.loblaws.ca/PCX/21486531_EA/en/1/21486531_en_front_1200.png",
      "valid": false,
      "error": "Missing price",
      "page_url": "https://www.nofrills.ca/en/deals/flyer?page=7"
    },
    {
      "store": "nofrills",
      "name": "Canadian Collection Caramel Praline & Milk Chocolate Ice Cream Bar",
      "price": null,
      "unit": "8x55.0 ml, $0.91/100ml",
      "original_price": null,
      "image_url": "https://digital.loblaws.ca/PCX/20853030002_EA/en/7/20853030002_enfr_closed_v1_1200.png",
      "valid": false,
      "error": "Missing price",
      "page_url": "https://www.nofrills.ca/en/deals/flyer?page=7"
    },
    {
      "store": "nofrills",
      "name": "Canning & Pickling Coarse Salt",
      "price": null,
      "unit": "1.36 kg, $0.22/100g",
      "original_price": null,
      "image_url": "https://digital.loblaws.ca/PCX/20707925_EA/en/1/6601000214_en_front_centre_marketing_GS1_Ecommerce_1200.png",
      "valid": false,
      "error": "Missing price",
      "page_url": "https://www.nofrills.ca/en/deals/flyer?page=7"
    },
    {
      "store": "nofrills",
      "name": "Natural Cheese Sticks Marble Cheddar, 12 Units",
      "price": "$6.00",
      "unit": "252 g, $2.38/100g",
      "original_price": "$6.79",
      "image_url": "https://digital.loblaws.ca/PCX/20986474_EA/en/1/20986474_enfr_front_v2_1200.png",
      "valid": true,
      "error": "Missing",
      "page_url": "https://www.nofrills.ca/en/deals/flyer?page=7"
    },
    {
      "store": "nofrills",
      "name": "Pizza Starter Kit, Thin Crust",
      "price": "$3.50",
      "unit": "620 g, $0.73/100g",
      "original_price": null,
      "image_url": "https://digital.loblaws.ca/PCX/20344165_EA/en/1/20344165_en_front_1200.png",
      "valid": true,
      "error": "Missing",
      "page_url": "https://www.nofrills.ca/en/deals/flyer?page=7"
    },
    {
      "store": "nofrills",
      "name": "Extra Creamy Peanut Butter",
      "price": "$4.97",
      "unit": "1 kg, $0.50/100g",
      "original_price": "$6.50",
      "image_url": "https://digital.loblaws.ca/PCX/20039581002_EA/en/1/20039581002_en_front_v1_1200.png",
      "valid": true,
      "error": "Missing",
      "page_url": "https://www.nofrills.ca/en/deals/flyer?page=7"
    },
    {
      "store": "nofrills",
      "name": "1% Lactose Free Milk",
      "price": null,
      "unit": "2 l, $0.28/100ml",
      "original_price": null,
      "image_url": "https://digital.loblaws.ca/PCX/20150089_EA/en/1/20150089_en_front_1200.png",
      "valid": false,
      "error": "Missing price",
      "page_url": "https://www.nofrills.ca/en/deals/flyer?page=7"
    },
    {
      "store": "nofrills",
      "name": "Spicy Pepperoni",
      "price": "$3.50",
      "unit": "250 g, $1.80/100g",
      "original_price": null,
      "image_url": "https://digital.loblaws.ca/PCX/21337298_EA/en/1/6940100501_enfr_front_centre_marketing_GS1_Ecommerce_1200.png",
      "valid": true,
      "error": "Missing",
      "page_url": "https://www.nofrills.ca/en/deals/flyer?page=7"
    },
    {
      "store": "nofrills",
      "name": "Super Moist Cake Mix Devil's Food",
      "price": null,
      "unit": "375 g, $0.61/100g",
      "original_price": null,
      "image_url": "https://digital.loblaws.ca/PCX/21547838_EA/en/1/21547838_en_front_1200.png",
      "valid": false,
      "error": "Missing price",
      "page_url": "https://www.nofrills.ca/en/deals/flyer?page=7"
    },
    {
      "store": "nofrills",
      "name": "Sparkling Water Cherry",
      "price": null,
      "unit": "12x355.0 ml, $0.15/100ml",
      "original_price": null,
      "image_url": "https://digital.loblaws.ca/PCX/21174519_C12/en/1/21174519_en_front_v1_1200.png",
      "valid": false,
      "error": "Missing price",
      "page_url": "https://www.nofrills.ca/en/deals/flyer?page=7"
    },
    {
      "store": "nofrills",
      "name": "Crispy Minis Sweet Chili flavour brown rice chips",
      "price": "$2.50",
      "unit": "100 g, $2.50/100g",
      "original_price": "$2.79",
      "image_url": "https://digital.loblaws.ca/PCX/20850854_EA/en/1/20850854_en_front_1200.png",
      "valid": true,
      "error": "Missing",
      "page_url": "https://www.nofrills.ca/en/deals/flyer?page=7"
    },
    {
      "store": "nofrills",
      "name": "Lactose Free Pizza Mozzarella Shredded Cheese",
      "price": null,
      "unit": "320 g, $1.97/100g",
      "original_price": null,
      "image_url": "https://digital.loblaws.ca/PCX/21082488_EA/en/1/21082488_en_front_v1_1200.png",
      "valid": false,
      "error": "Missing price",
      "page_url": "https://www.nofrills.ca/en/deals/flyer?page=7"
    },
    {
      "store": "nofrills",
      "name": "Only Peanuts All Natural Crunchy Peanut Butter",
      "price": "$4.97",
      "unit": "750 g, $0.66/100g",
      "original_price": "$6.50",
      "image_url": "https://digital.loblaws.ca/PCX/20311582003_EA/en/1/20311582003_en_front_1200.png",
      "valid": true,
      "error": "Missing",
      "page_url": "https://www.nofrills.ca/en/deals/flyer?page=7"
    },
    {
      "store": "nofrills",
      "name": "Cranberry & Oats Bread",
      "price": "$2.49",
      "unit": "600 g, $0.41/100g",
      "original_price": "$3.99",
      "image_url": "https://digital.loblaws.ca/PCX/21430976_EA/en/1/21430976_enfr_front_v1_1200.png",
      "valid": true,
      "error": "Missing",
      "page_url": "https://www.nofrills.ca/en/deals/flyer?page=7"
    },
    {
      "store": "nofrills",
      "name": "Original Light Cream Cheese Product",
      "price": null,
      "unit": "340 g, $1.46/100g",
      "original_price": null,
      "image_url": "https://digital.loblaws.ca/PCX/20866929003_EA/en/1/20866929003_enfr_front_v1_1200.png",
      "valid": false,
      "error": "Missing price",
      "page_url": "https://www.nofrills.ca/en/deals/flyer?page=8"
    },
    {
      "store": "nofrills",
      "name": "Wild Haddock Fillets Skinless Boneless",
      "price": null,
      "unit": "400 g, $1.75/100g",
      "original_price": null,
      "image_url": "https://digital.loblaws.ca/PCX/20153570_EA/en/1/20153570_en_front_1200.png",
      "valid": false,
      "error": "Missing price",
      "page_url": "https://www.nofrills.ca/en/deals/flyer?page=8"
    },
    {
      "store": "nofrills",
      "name": "DAIRY MILK Chocolate Bar with Mini Eggs",
      "price": null,
      "unit": "90 g, $3.33/100g",
      "original_price": "$3.29",
      "image_url": "https://digital.loblaws.ca/PCX/21648647_EA/en/1/21648647_enfr_front_1200.png",
      "valid": false,
      "error": "Missing price",
      "page_url": "https://www.nofrills.ca/en/deals/flyer?page=8"
    },
    {
      "store": "nofrills",
      "name": "Blueberry Pomegranate",
      "price": null,
      "unit": "12x355.0 ml, $0.15/100ml",
      "original_price": null,
      "image_url": "https://digital.loblaws.ca/PCX/21651534_C12/en/1/21651534_en_front_v1_1200.png",
      "valid": false,
      "error": "Missing price",
      "page_url": "https://www.nofrills.ca/en/deals/flyer?page=8"
    },
    {
      "store": "nofrills",
      "name": "Lemon Lime Soda Bottle",
      "price": "$1.00",
      "unit": "1 l, $0.10/100ml",
      "original_price": "$1.89",
      "image_url": "https://digital.loblaws.ca/PCX/20306007001_EA/en/1/20306007001_en_front_v1_1200.png",
      "valid": true,
      "error": "Missing",
      "page_url": "https://www.nofrills.ca/en/deals/flyer?page=8"
    },
    {
      "store": "nofrills",
      "name": "Soft Taco Dinner Kit",
      "price": "$3.47",
      "unit": "400 g, $0.87/100g",
      "original_price": "$4.00",
      "image_url": "https://digital.loblaws.ca/PCX/20795536_EA/en/1/20795536_en_front_v2_1200.png",
      "valid": true,
      "error": "Missing",
      "page_url": "https://www.nofrills.ca/en/deals/flyer?page=8"
    },
    {
      "store": "nofrills",
      "name": "Crispy Minis Crunchy Dill flavour brown rice chips",
      "price": "$2.50",
      "unit": "100 g, $2.50/100g",
      "original_price": "$2.79",
      "image_url": "https://digital.loblaws.ca/PCX/20303002005_EA/en/1/20303002005_en_front_1200.png",
      "valid": true,
      "error": "Missing",
      "page_url": "https://www.nofrills.ca/en/deals/flyer?page=8"
    },
    {
      "store": "nofrills",
      "name": "Thick n' Chunky Salsa, Medium",
      "price": "$3.47",
      "unit": "650 ml, $0.53/100ml",
      "original_price": "$4.00",
      "image_url": "https://digital.loblaws.ca/PCX/20305182001_EA/en/1/20305182001_en_front_v1_1200.png",
      "valid": true,
      "error": "Missing",
      "page_url": "https://www.nofrills.ca/en/deals/flyer?page=8"
    },
    {
      "store": "nofrills",
      "name": "Medium Cheddar Cheese",
      "price": null,
      "unit": "400 g, $2.00/100g",
      "original_price": null,
      "image_url": "https://digital.loblaws.ca/PCX/21347244_EA/en/1/21347244_en_front_1200.png",
      "valid": false,
      "error": "Missing price",
      "page_url": "https://www.nofrills.ca/en/deals/flyer?page=8"
    },
    {
      "store": "nofrills",
      "name": "Ritz Bits Sandwich Crackers, Peanut Butter",
      "price": null,
      "unit": "180 g, $1.39/100g",
      "original_price": null,
      "image_url": "https://digital.loblaws.ca/PCX/20686396_EA/en/1/20686396_en_front_1200.png",
      "valid": false,
      "error": "Missing price",
      "page_url": "https://www.nofrills.ca/en/deals/flyer?page=8"
    },
    {
      "store": "nofrills",
      "name": "Udon Noodles",
      "price": "$2.49",
      "unit": "800 g, $0.31/100g",
      "original_price": "$2.79",
      "image_url": "https://digital.loblaws.ca/PCX/20354811_EA/en/1/6038389752_enfr_front_centre_marketing_GS1_Ecommerce_1200.png",
      "valid": true,
      "error": "Missing",
      "page_url": "https://www.nofrills.ca/en/deals/flyer?page=8"
    },
    {
      "store": "nofrills",
      "name": "Bear Paws Brownie Cookies",
      "price": "$2.22",
      "unit": "240 g, $0.93/100g",
      "original_price": "$2.50",
      "image_url": "https://digital.loblaws.ca/PCX/21080777_EA/en/1/6334800691_en_front_centre_marketing_A_1_GS1_Ecommerce_1200.png",
      "valid": true,
      "error": "Missing",
      "page_url": "https://www.nofrills.ca/en/deals/flyer?page=8"
    },
    {
      "store": "nofrills",
      "name": "Eggo Waffles, Chocolatey Chip",
      "price": "$3.00",
      "unit": "280 g, $1.07/100g",
      "original_price": "$4.25",
      "image_url": "https://digital.loblaws.ca/PCX/20323436002_EA/en/1/20323436002_en_front_1200.png",
      "valid": true,
      "error": "Missing",
      "page_url": "https://www.nofrills.ca/en/deals/flyer?page=8"
    },
    {
      "store": "nofrills",
      "name": "Taco Seasoning Mix",
      "price": null,
      "unit": "24 g, $4.17/100g",
      "original_price": null,
      "image_url": "https://digital.loblaws.ca/PCX/21311252_EA/en/1/21311252_en_front_1200.png",
      "valid": false,
      "error": "Missing price",
      "page_url": "https://www.nofrills.ca/en/deals/flyer?page=8"
    },
    {
      "store": "nofrills",
      "name": "Mozzarella Fresca Cheese",
      "price": "$5.00",
      "unit": "190 g, $2.63/100g",
      "original_price": "$6.50",
      "image_url": "https://digital.loblaws.ca/PCX/21184247_EA/en/1/21184247_enfr_front_1200.png",
      "valid": true,
      "error": "Missing",
      "page_url": "https://www.nofrills.ca/en/deals/flyer?page=8"
    },
    {
      "store": "nofrills",
      "name": "Li'L Lolly Rocket Assorted",
      "price": "$4.00",
      "unit": "28x50.0 ml, $0.29/100ml",
      "original_price": "$6.00",
      "image_url": "https://digital.loblaws.ca/PCX/21161183_EA/en/1/6294200490_en_front_centre_marketing_A_1_GS1_Ecommerce_v1_1200.png",
      "valid": true,
      "error": "Missing",
      "page_url": "https://www.nofrills.ca/en/deals/flyer?page=8"
    },
    {
      "store": "nofrills",
      "name": "Naturally Imperfect Mango Chunks",
      "price": null,
      "unit": "400 g, $0.75/100g",
      "original_price": null,
      "image_url": "https://digital.loblaws.ca/PCX/21545092_EA/en/1/21545092_en_front_1200.png",
      "valid": false,
      "error": "Missing price",
      "page_url": "https://www.nofrills.ca/en/deals/flyer?page=8"
    },
    {
      "store": "nofrills",
      "name": "Grapefruit Bubly",
      "price": null,
      "unit": "12x355.0 ml, $0.15/100ml",
      "original_price": null,
      "image_url": "https://digital.loblaws.ca/PCX/21097158_C12/en/1/21097158_en_front_v1_1200.png",
      "valid": false,
      "error": "Missing price",
      "page_url": "https://www.nofrills.ca/en/deals/flyer?page=8"
    },
    {
      "store": "nofrills",
      "name": "Sliced White Mushrooms",
      "price": null,
      "unit": "227 g, $1.10/100g",
      "original_price": null,
      "image_url": "https://digital.loblaws.ca/PCX/20743653_EA/en/1/20743653_en_front_1200.png",
      "valid": false,
      "error": "Missing price",
      "page_url": "https://www.nofrills.ca/en/deals/flyer?page=8"
    },
    {
      "store": "nofrills",
      "name": "Kitchens Parchment Paper, 35 ft",
      "price": "$3.50",
      "unit": "1 ea, $3.50/1ea",
      "original_price": "$4.49",
      "image_url": "https://digital.loblaws.ca/PCX/21365195_EA/en/1/5735166122_en_front_centre_marketing_GS1_Ecommerce_1200.png",
      "valid": true,
      "error": "Missing",
      "page_url": "https://www.nofrills.ca/en/deals/flyer?page=8"
    },
    {
      "store": "nofrills",
      "name": "OREO, Golden Vanilla Sandwich Cookies, Packable, snackable, and forever dunkable",
      "price": null,
      "unit": "270 g, $0.93/100g",
      "original_price": null,
      "image_url": "https://digital.loblaws.ca/PCX/21358398_EA/en/1/21358398_enfr_front_1200.png",
      "valid": false,
      "error": "Missing price",
      "page_url": "https://www.nofrills.ca/en/deals/flyer?page=8"
    },
    {
      "store": "nofrills",
      "name": "Bologna Lunch Kit",
      "price": null,
      "unit": "90 g, $3.33/100g",
      "original_price": null,
      "image_url": "https://digital.loblaws.ca/PCX/21310081_EA/en/1/21310081_enfr_front_v1_1200.png",
      "valid": false,
      "error": "Missing price",
      "page_url": "https://www.nofrills.ca/en/deals/flyer?page=8"
    },
    {
      "store": "nofrills",
      "name": "Broccolini",
      "price": "$2.99",
      "unit": "1 ea, $2.99/1ea",
      "original_price": "$3.49",
      "image_url": "https://digital.loblaws.ca/PCX/20154907_EA/en/1/20154907_en_front_1200.png",
      "valid": true,
      "error": "Missing",
      "page_url": "https://www.nofrills.ca/en/deals/flyer?page=8"
    },
    {
      "store": "nofrills",
      "name": "TRISCUIT Rosemary & Olive Oil Crackers",
      "price": null,
      "unit": "200 g, $1.25/100g",
      "original_price": null,
      "image_url": "https://digital.loblaws.ca/PCX/21030905_EA/en/1/21030905_en_front_1200.png",
      "valid": false,
      "error": "Missing price",
      "page_url": "https://www.nofrills.ca/en/deals/flyer?page=8"
    },
    {
      "store": "nofrills",
      "name": "Markdale Creamery Neapolitan Ice Cream",
      "price": null,
      "unit": "2 l, $0.20/100ml",
      "original_price": null,
      "image_url": "https://digital.loblaws.ca/PCX/20315236010_EA/en/1/20315236010_enfr_front_1200.png",
      "valid": false,
      "error": "Missing price",
      "page_url": "https://www.nofrills.ca/en/deals/flyer?page=8"
    },
    {
      "store": "nofrills",
      "name": "Fudgee-O Chocolatey Creme Filled Sandwich Cookies",
      "price": null,
      "unit": "303 g, $0.83/100g",
      "original_price": null,
      "image_url": "https://digital.loblaws.ca/PCX/21005153_EA/en/1/21005153_enfr_front_v1_1200.png",
      "valid": false,
      "error": "Missing price",
      "page_url": "https://www.nofrills.ca/en/deals/flyer?page=8"
    },
    {
      "store": "nofrills",
      "name": "Classique Chili With Beans",
      "price": "$2.75",
      "unit": "425 g, $0.65/100g",
      "original_price": "$3.79",
      "image_url": "https://digital.loblaws.ca/PCX/20091906_EA/en/1/20091906_en_front_1200.png",
      "valid": true,
      "error": "Missing",
      "page_url": "https://www.nofrills.ca/en/deals/flyer?page=8"
    },
    {
      "store": "nofrills",
      "name": "Pretzel Crisps, Everything",
      "price": "$5.00",
      "unit": "200 g, $2.50/100g",
      "original_price": "$5.79",
      "image_url": "https://digital.loblaws.ca/PCX/20948904_EA/en/1/20948904_en_front_1200.png",
      "valid": true,
      "error": "Missing",
      "page_url": "https://www.nofrills.ca/en/deals/flyer?page=8"
    },
    {
      "store": "nofrills",
      "name": "Hoisin Squeeze Sauce",
      "price": "$3.29",
      "unit": "445 ml, $0.74/100ml",
      "original_price": "$3.99",
      "image_url": "https://digital.loblaws.ca/PCX/20045048_EA/en/1/20045048_en_front_1200.png",
      "valid": true,
      "error": "Missing",
      "page_url": "https://www.nofrills.ca/en/deals/flyer?page=8"
    },
    {
      "store": "nofrills",
      "name": "Sour Cream, Low Fat 3%",
      "price": "$2.50",
      "unit": "500 ml, $0.50/100ml",
      "original_price": "$3.19",
      "image_url": "https://digital.loblaws.ca/PCX/20317536003_EA/en/1/6601314367_en_front_centre_marketing_1_GS1_Ecommerce_1200.png",
      "valid": true,
      "error": "Missing",
      "page_url": "https://www.nofrills.ca/en/deals/flyer?page=8"
    },
    {
      "store": "nofrills",
      "name": "Lolly Triple Treat (Blue Raspberry/Strawberry/Grape)",
      "price": "$4.00",
      "unit": "1400 ml, $0.29/100ml",
      "original_price": "$6.00",
      "image_url": "https://digital.loblaws.ca/PCX/20950734_EA/en/1/6294200268_en_front_centre_marketing_A_1_GS1_Ecommerce_v1_1200.png",
      "valid": true,
      "error": "Missing",
      "page_url": "https://www.nofrills.ca/en/deals/flyer?page=8"
    },
    {
      "store": "nofrills",
      "name": "Biobest Lactose Free Probiotic Plain Yogurt 1%",
      "price": "$2.97",
      "unit": "750 g, $0.40/100g",
      "original_price": "$3.50",
      "image_url": "https://digital.loblaws.ca/PCX/20143263_EA/en/1/20143263_enfr_front_v2_1200.png",
      "valid": true,
      "error": "Missing",
      "page_url": "https://www.nofrills.ca/en/deals/flyer?page=8"
    },
    {
      "store": "nofrills",
      "name": "Chewy Chocolate Chip Granola Bars",
      "price": "$2.00",
      "unit": "120 g, $1.67/100g",
      "original_price": "$2.50",
      "image_url": "https://digital.loblaws.ca/PCX/21540823_EA/en/1/21540823_en_front_1200.png",
      "valid": true,
      "error": "Missing",
      "page_url": "https://www.nofrills.ca/en/deals/flyer?page=8"
    },
    {
      "store": "nofrills",
      "name": "Lactose Free Triple Cheddar Shredded Cheese Blend",
      "price": null,
      "unit": "320 g, $1.97/100g",
      "original_price": null,
      "image_url": "https://digital.loblaws.ca/PCX/21083518_EA/en/1/21083518_en_front_1200.png",
      "valid": false,
      "error": "Missing price",
      "page_url": "https://www.nofrills.ca/en/deals/flyer?page=8"
    },
    {
      "store": "nofrills",
      "name": "Thousand Island Salad Dressing",
      "price": null,
      "unit": "425 ml, $0.71/100ml",
      "original_price": null,
      "image_url": "https://digital.loblaws.ca/PCX/21584849_EA/en/1/21584849_enfr_front_v3_1200.png",
      "valid": false,
      "error": "Missing price",
      "page_url": "https://www.nofrills.ca/en/deals/flyer?page=8"
    },
    {
      "store": "nofrills",
      "name": "White Potatoes, 10 lb Bag",
      "price": "$1.99",
      "unit": "4.54 kg, $0.04/100g",
      "original_price": "$2.88",
      "image_url": "https://digital.loblaws.ca/PCX/20600997001_EA/en/1/20600997001_en_front_1200.png",
      "valid": true,
      "error": "Missing",
      "page_url": "https://www.nofrills.ca/en/deals/flyer?page=8"
    },
    {
      "store": "nofrills",
      "name": "Restaurant Style Kettle-Style Wedges",
      "price": "$3.00",
      "unit": "750 g, $0.40/100g",
      "original_price": "$3.50",
      "image_url": "https://digital.loblaws.ca/PCX/21040702_EA/en/1/21040702_enfr_front_v2_1200.png",
      "valid": true,
      "error": "Missing",
      "page_url": "https://www.nofrills.ca/en/deals/flyer?page=8"
    },
    {
      "store": "nofrills",
      "name": "Pizza Pepperoni Lunch Kit",
      "price": null,
      "unit": "120 g, $2.50/100g",
      "original_price": null,
      "image_url": "https://digital.loblaws.ca/PCX/21215532_EA/en/1/21215532_enfr_front_v1_1200.png",
      "valid": false,
      "error": "Missing price",
      "page_url": "https://www.nofrills.ca/en/deals/flyer?page=8"
    },
    {
      "store": "nofrills",
      "name": "Pineapple Sparkling Water",
      "price": null,
      "unit": "12x355.0 ml, $0.15/100ml",
      "original_price": null,
      "image_url": "https://digital.loblaws.ca/PCX/21356954_C12/en/1/21356954_en_front_v1_1200.png",
      "valid": false,
      "error": "Missing price",
      "page_url": "https://www.nofrills.ca/en/deals/flyer?page=8"
    },
    {
      "store": "nofrills",
      "name": "Almond Beverage, Vanilla Flavour, Dairy-Free",
      "price": "$3.75",
      "unit": "1.89 l, $0.20/100ml",
      "original_price": "$4.00",
      "image_url": "https://digital.loblaws.ca/PCX/20436299_EA/en/1/20436299_en_front_1200.png",
      "valid": true,
      "error": "Missing",
      "page_url": "https://www.nofrills.ca/en/deals/flyer?page=8"
    },
    {
      "store": "nofrills",
      "name": "Orange Bubly",
      "price": null,
      "unit": "12x355.0 ml, $0.15/100ml",
      "original_price": null,
      "image_url": "https://digital.loblaws.ca/PCX/21097171_C12/en/1/21097171_en_front_v1_1200.png",
      "valid": false,
      "error": "Missing price",
      "page_url": "https://www.nofrills.ca/en/deals/flyer?page=8"
    },
    {
      "store": "nofrills",
      "name": "Peach Sparkling Water",
      "price": null,
      "unit": "12x355.0 ml, $0.15/100ml",
      "original_price": null,
      "image_url": "https://digital.loblaws.ca/PCX/21356947_C12/en/1/21356947_en_front_v1_1200.png",
      "valid": false,
      "error": "Missing price",
      "page_url": "https://www.nofrills.ca/en/deals/flyer?page=8"
    },
    {
      "store": "nofrills",
      "name": "TRISCUIT Thin Crisps Original Crackers",
      "price": null,
      "unit": "200 g, $1.25/100g",
      "original_price": null,
      "image_url": "https://digital.loblaws.ca/PCX/21032765_EA/en/1/21032765_en_front_v1_1200.png",
      "valid": false,
      "error": "Missing price",
      "page_url": "https://www.nofrills.ca/en/deals/flyer?page=8"
    },
    {
      "store": "nofrills",
      "name": "Chips Ahoy! Triple Chocolate Chunks Cookies",
      "price": null,
      "unit": "251 g, $1.00/100g",
      "original_price": null,
      "image_url": "https://digital.loblaws.ca/PCX/21361511_EA/en/1/21361511_en_front_1200.png",
      "valid": false,
      "error": "Missing price",
      "page_url": "https://www.nofrills.ca/en/deals/flyer?page=8"
    },
    {
      "store": "nofrills",
      "name": "Chocolatey Chip Cookie Dough, Ready to Bake",
      "price": "$3.00",
      "unit": "468 g, $0.64/100g",
      "original_price": "$3.49",
      "image_url": "https://digital.loblaws.ca/PCX/20318034001_EA/en/1/20318034001_en_front_v1_1200.png",
      "valid": true,
      "error": "Missing",
      "page_url": "https://www.nofrills.ca/en/deals/flyer?page=8"
    },
    {
      "store": "nofrills",
      "name": "Super Moist Cake Mix Rainbow Bits",
      "price": null,
      "unit": "375 g, $0.61/100g",
      "original_price": null,
      "image_url": "https://digital.loblaws.ca/PCX/21547837_EA/en/1/21547837_en_front_1200.png",
      "valid": false,
      "error": "Missing price",
      "page_url": "https://www.nofrills.ca/en/deals/flyer?page=8"
    },
    {
      "store": "nofrills",
      "name": "Maple Latte Flavoured Coffee Creamer, 63 Servings",
      "price": "$3.88",
      "unit": "946 ml, $0.41/100ml",
      "original_price": "$5.00",
      "image_url": "https://digital.loblaws.ca/PCX/21358115_EA/en/1/21358115_en_front_v1_1200.png",
      "valid": true,
      "error": "Missing",
      "page_url": "https://www.nofrills.ca/en/deals/flyer?page=8"
    },
    {
      "store": "nofrills",
      "name": "Protein Almond & Cashew Milk Alternative, Unsweetened Original",
      "price": "$3.75",
      "unit": "1.75 l, $0.21/100ml",
      "original_price": "$4.00",
      "image_url": "https://digital.loblaws.ca/PCX/21337480_EA/en/1/21337480_en_front_v1_1200.png",
      "valid": true,
      "error": "Missing",
      "page_url": "https://www.nofrills.ca/en/deals/flyer?page=8"
    },
    {
      "store": "nofrills",
      "name": "Simply All-In-One Liquid Laundry Detergent, Refreshing Breeze Scent, 70 Loads",
      "price": "$7.99",
      "unit": "2.72 l, $0.29/100ml",
      "original_price": "$12.99",
      "image_url": "https://digital.loblaws.ca/PCX/21671020_EA/en/1/21671020_en_front_1200.png",
      "valid": true,
      "error": "Missing",
      "page_url": "https://www.nofrills.ca/en/deals/flyer?page=9"
    },
    {
      "store": "nofrills",
      "name": "Traditional Smoked Pork Rinds (small bag) 70g",
      "price": "$2.49",
      "unit": "70 g, $3.56/100g",
      "original_price": "$2.99",
      "image_url": "https://digital.loblaws.ca/PCX/20961977_EA/en/1/20961977_en_front_1200.png",
      "valid": true,
      "error": "Missing",
      "page_url": "https://www.nofrills.ca/en/deals/flyer?page=9"
    },
    {
      "store": "nofrills",
      "name": "Frozen Yogurt Black Jack Cherry",
      "price": "$6.00",
      "unit": "2 l, $0.30/100ml",
      "original_price": "$7.50",
      "image_url": "https://digital.loblaws.ca/PCX/20314434013_EA/en/1/20314434013_en_front_v1_1200.png",
      "valid": true,
      "error": "Missing",
      "page_url": "https://www.nofrills.ca/en/deals/flyer?page=9"
    },
    {
      "store": "nofrills",
      "name": "Peach Cocktail",
      "price": "$2.00",
      "unit": "8x200.0 ml, $0.13/100ml",
      "original_price": "$3.50",
      "image_url": "https://digital.loblaws.ca/PCX/20315996001_EA/en/1/20315996001_en_front_v1_1200.png",
      "valid": true,
      "error": "Missing",
      "page_url": "https://www.nofrills.ca/en/deals/flyer?page=9"
    },
    {
      "store": "nofrills",
      "name": "FlavourCrisp Spicy Cracked Pepper Fries",
      "price": "$3.00",
      "unit": "750 g, $0.40/100g",
      "original_price": "$3.50",
      "image_url": "https://digital.loblaws.ca/PCX/20730213_EA/en/1/20730213_enfr_front_v1_1200.png",
      "valid": true,
      "error": "Missing",
      "page_url": "https://www.nofrills.ca/en/deals/flyer?page=9"
    },
    {
      "store": "nofrills",
      "name": "Meat Pies, Chicken Pie",
      "price": "$1.50",
      "unit": "200 g, $0.75/100g",
      "original_price": "$2.50",
      "image_url": "https://digital.loblaws.ca/PCX/20320525001_EA/en/1/6321106021_enfr_front_centre_marketing_1_GS1_Ecommerce_v2_1200.png",
      "valid": true,
      "error": "Missing",
      "page_url": "https://www.nofrills.ca/en/deals/flyer?page=9"
    },
    {
      "store": "nofrills",
      "name": "Super Moist Cake Mix Chocolate Fudge",
      "price": null,
      "unit": "375 g, $0.61/100g",
      "original_price": null,
      "image_url": "https://digital.loblaws.ca/PCX/21547846_EA/en/1/21547846_en_front_v2_1200.png",
      "valid": false,
      "error": "Missing price",
      "page_url": "https://www.nofrills.ca/en/deals/flyer?page=9"
    },
    {
      "store": "nofrills",
      "name": "Naturally Imperfect Cultivated Blueberries",
      "price": null,
      "unit": "300 g, $1.00/100g",
      "original_price": null,
      "image_url": "https://digital.loblaws.ca/PCX/21545097_EA/en/1/21545097_en_front_1200.png",
      "valid": false,
      "error": "Missing price",
      "page_url": "https://www.nofrills.ca/en/deals/flyer?page=9"
    },
    {
      "store": "nofrills",
      "name": "Oven Roasted Chicken Breast",
      "price": null,
      "unit": "175 g, $2.00/100g",
      "original_price": null,
      "image_url": "https://digital.loblaws.ca/PCX/21596525_EA/en/1/21596525_enfr_front_v1_1200.png",
      "valid": false,
      "error": "Missing price",
      "page_url": "https://www.nofrills.ca/en/deals/flyer?page=9"
    },
    {
      "store": "nofrills",
      "name": "Vegetable Cocktail, Low Sodium",
      "price": "$2.00",
      "unit": "6x156.0 ml, $0.21/100ml",
      "original_price": "$4.49",
      "image_url": "https://digital.loblaws.ca/PCX/20297564001_EA/en/1/6321115882_enfr_front_centre_marketing_A_1_GS1_Ecommerce_1200.png",
      "valid": true,
      "error": "Missing",
      "page_url": "https://www.nofrills.ca/en/deals/flyer?page=9"
    },
    {
      "store": "nofrills",
      "name": "Ritz Real Cheddar Cheese Crackers",
      "price": null,
      "unit": "180 g, $1.39/100g",
      "original_price": null,
      "image_url": "https://digital.loblaws.ca/PCX/21547023_EA/en/1/21547023_en_front_v1_1200.png",
      "valid": false,
      "error": "Missing price",
      "page_url": "https://www.nofrills.ca/en/deals/flyer?page=9"
    },
    {
      "store": "nofrills",
      "name": "Méditerranée 9% Yogurt, Blackberry",
      "price": "$3.25",
      "unit": "500 g, $0.65/100g",
      "original_price": "$3.50",
      "image_url": "https://digital.loblaws.ca/PCX/20795421_EA/en/1/20795421_en_front_v2_1200.png",
      "valid": true,
      "error": "Missing",
      "page_url": "https://www.nofrills.ca/en/deals/flyer?page=9"
    },
    {
      "store": "nofrills",
      "name": "Wheat Thins Vegetable Thins 40% Less Fat Crackers",
      "price": null,
      "unit": "180 g, $1.39/100g",
      "original_price": null,
      "image_url": "https://digital.loblaws.ca/PCX/21547046_EA/en/1/21547046_en_front_1200.png",
      "valid": false,
      "error": "Missing price",
      "page_url": "https://www.nofrills.ca/en/deals/flyer?page=9"
    },
    {
      "store": "nofrills",
      "name": "Total Clean Mint Toothpaste",
      "price": "$2.50",
      "unit": "120 ml, $2.50/100ml",
      "original_price": null,
      "image_url": "https://digital.loblaws.ca/PCX/21166685_EA/en/1/21166685_en_front_1200.png",
      "valid": true,
      "error": "Missing",
      "page_url": "https://www.nofrills.ca/en/deals/flyer?page=9"
    },
    {
      "store": "nofrills",
      "name": "Two Cheese Pizza Lunch Kit",
      "price": null,
      "unit": "120 g, $2.50/100g",
      "original_price": null,
      "image_url": "https://digital.loblaws.ca/PCX/21215531_EA/en/1/21215531_enfr_front_v2_1200.png",
      "valid": false,
      "error": "Missing price",
      "page_url": "https://www.nofrills.ca/en/deals/flyer?page=9"
    },
    {
      "store": "nofrills",
      "name": "TRISCUIT Balsamic Vinegar & Basil Crackers",
      "price": null,
      "unit": "200 g, $1.25/100g",
      "original_price": null,
      "image_url": "https://digital.loblaws.ca/PCX/21030764_EA/en/1/21030764_en_front_v1_1200.png",
      "valid": false,
      "error": "Missing price",
      "page_url": "https://www.nofrills.ca/en/deals/flyer?page=9"
    },
    {
      "store": "nofrills",
      "name": "Ultimate Chicken Wiener",
      "price": "$5.00",
      "unit": "900 g, $0.56/100g",
      "original_price": "$6.99",
      "image_url": "https://digital.loblaws.ca/PCX/20671791_EA/en/1/20671791_en_front_1200.png",
      "valid": true,
      "error": "Missing",
      "page_url": "https://www.nofrills.ca/en/deals/flyer?page=9"
    },
    {
      "store": "nofrills",
      "name": "Thick 'n Chunky Mild Salsa",
      "price": "$3.47",
      "unit": "650 ml, $0.53/100ml",
      "original_price": "$4.00",
      "image_url": "https://digital.loblaws.ca/PCX/20305182004_EA/en/1/20305182004_en_front_1200.png",
      "valid": true,
      "error": "Missing",
      "page_url": "https://www.nofrills.ca/en/deals/flyer?page=9"
    },
    {
      "store": "nofrills",
      "name": "Instant Noodles Mi Goreng Hot & Spicy 5 Packs X 80 G",
      "price": null,
      "unit": "5x425.0 g, $0.82/100g",
      "original_price": null,
      "image_url": "https://digital.loblaws.ca/PCX/21094981_EA/en/1/21094981_en_front_1200.png",
      "valid": false,
      "error": "Missing price",
      "page_url": "https://www.nofrills.ca/en/deals/flyer?page=9"
    },
    {
      "store": "nofrills",
      "name": "Glue-All Elmer's Disappearing Purple Glue Stick",
      "price": "$3.00",
      "unit": "3x3.0 ea, $6.67/100g $3.02/1lb",
      "original_price": null,
      "image_url": "https://digital.loblaws.ca/PCX/20073616_EA/en/1/20073616_en_front_1200.png",
      "valid": true,
      "error": "Missing",
      "page_url": "https://www.nofrills.ca/en/deals/flyer?page=9"
    },
    {
      "store": "nofrills",
      "name": "Liquid Fabric Softener, Fresh Air",
      "price": "$7.99",
      "unit": "3.5 l, $0.23/100ml",
      "original_price": "$11.49",
      "image_url": "https://digital.loblaws.ca/PCX/21311739_EA/en/1/21311739_en_front_1200.png",
      "valid": true,
      "error": "Missing",
      "page_url": "https://www.nofrills.ca/en/deals/flyer?page=9"
    },
    {
      "store": "nofrills",
      "name": "Balsamic Salad Dressing",
      "price": null,
      "unit": "425 ml, $0.71/100ml",
      "original_price": null,
      "image_url": "https://digital.loblaws.ca/PCX/21584146_EA/en/1/21584146_enfr_front_v1_1200.png",
      "valid": false,
      "error": "Missing price",
      "page_url": "https://www.nofrills.ca/en/deals/flyer?page=9"
    },
    {
      "store": "nofrills",
      "name": "Bagel Poppy Seed",
      "price": "$1.99",
      "unit": "510 g, $0.39/100g",
      "original_price": "$2.29",
      "image_url": "https://digital.loblaws.ca/PCX/21297811_EA/en/1/21297811_enfr_front_v1_1200.png",
      "valid": true,
      "error": "Missing",
      "page_url": "https://www.nofrills.ca/en/deals/flyer?page=9"
    },
    {
      "store": "nofrills",
      "name": "Markdale Creamery Dutch Chocolate Ice Cream",
      "price": null,
      "unit": "2 l, $0.20/100ml",
      "original_price": null,
      "image_url": "https://digital.loblaws.ca/PCX/20315236002_EA/en/1/20315236002_enfr_front_1200.png",
      "valid": false,
      "error": "Missing price",
      "page_url": "https://www.nofrills.ca/en/deals/flyer?page=9"
    },
    {
      "store": "nofrills",
      "name": "Sliced Cremini Mushrooms",
      "price": null,
      "unit": "227 g, $1.10/100g",
      "original_price": null,
      "image_url": "https://digital.loblaws.ca/PCX/20757811_EA/en/1/20757811_en_front_1200.png",
      "valid": false,
      "error": "Missing price",
      "page_url": "https://www.nofrills.ca/en/deals/flyer?page=9"
    },
    {
      "store": "nofrills",
      "name": "Rainbow Sorbet",
      "price": "$6.00",
      "unit": "2 l, $0.30/100ml",
      "original_price": "$7.50",
      "image_url": "https://digital.loblaws.ca/PCX/20529120001_EA/en/1/20529120001_en_front_1200.png",
      "valid": true,
      "error": "Missing",
      "page_url": "https://www.nofrills.ca/en/deals/flyer?page=9"
    },
    {
      "store": "nofrills",
      "name": "Ritz Swiss Cheese Crackers",
      "price": null,
      "unit": "180 g, $1.39/100g",
      "original_price": null,
      "image_url": "https://digital.loblaws.ca/PCX/21547021_EA/en/1/21547021_en_front_v1_1200.png",
      "valid": false,
      "error": "Missing price",
      "page_url": "https://www.nofrills.ca/en/deals/flyer?page=9"
    },
    {
      "store": "nofrills",
      "name": "Natural Selections Sliced Deli Chicken Breast, Oven Roasted",
      "price": "$5.00",
      "unit": "175 g, $28.57/1kg $2.86/100g",
      "original_price": "$7.99",
      "image_url": "https://digital.loblaws.ca/PCX/20066495_EA/en/1/20066495_enfr_front_v1_1200.png",
      "valid": true,
      "error": "Missing",
      "page_url": "https://www.nofrills.ca/en/deals/flyer?page=9"
    },
    {
      "store": "nofrills",
      "name": "RITZ Low Sodium Crackers, classic cracker is great for pairing, Eat on its own or topped",
      "price": null,
      "unit": "180 g, $1.39/100g",
      "original_price": null,
      "image_url": "https://digital.loblaws.ca/PCX/21547040_EA/en/1/21547040_en_front_v1_1200.png",
      "valid": false,
      "error": "Missing price",
      "page_url": "https://www.nofrills.ca/en/deals/flyer?page=9"
    },
    {
      "store": "nofrills",
      "name": "Dry Cured Genoa Salami Snack Kit",
      "price": null,
      "unit": "75 g, $4.00/100g",
      "original_price": null,
      "image_url": "https://digital.loblaws.ca/PCX/21120967_EA/en/1/21120967_enfr_front_v2_1200.png",
      "valid": false,
      "error": "Missing price",
      "page_url": "https://www.nofrills.ca/en/deals/flyer?page=9"
    },
    {
      "store": "nofrills",
      "name": "Crunch Bar",
      "price": "$1.75",
      "unit": "100 g, $2.50/100g",
      "original_price": null,
      "image_url": "https://digital.loblaws.ca/PCX/21634718_EA/en/1/5980074949_enfr_front_centre_marketing_GS1_Marketing_v1_1200.png",
      "valid": true,
      "error": "Missing",
      "page_url": "https://www.nofrills.ca/en/deals/flyer?page=9"
    },
    {
      "store": "nofrills",
      "name": "Soft Margarine Spread",
      "price": "$3.00",
      "unit": "427 g, $0.70/100g",
      "original_price": "$4.49",
      "image_url": "https://digital.loblaws.ca/PCX/20152424_EA/en/1/5995012440_enfr_front_centre_marketing_GS1_Ecommerce_1200.png",
      "valid": true,
      "error": "Missing",
      "page_url": "https://www.nofrills.ca/en/deals/flyer?page=9"
    },
    {
      "store": "nofrills",
      "name": "Restaurant Style Waffle Fries",
      "price": "$3.00",
      "unit": "540 g, $0.56/100g",
      "original_price": "$3.50",
      "image_url": "https://digital.loblaws.ca/PCX/21400506_EA/en/1/21400506_enfr_front_v2_1200.png",
      "valid": true,
      "error": "Missing",
      "page_url": "https://www.nofrills.ca/en/deals/flyer?page=9"
    },
    {
      "store": "nofrills",
      "name": "Lactose Free Nacho Shredded Cheese Blend",
      "price": null,
      "unit": "320 g, $1.97/100g",
      "original_price": null,
      "image_url": "https://digital.loblaws.ca/PCX/21475500_EA/en/1/21475500_en_front_1200.png",
      "valid": false,
      "error": "Missing price",
      "page_url": "https://www.nofrills.ca/en/deals/flyer?page=9"
    },
    {
      "store": "nofrills",
      "name": "Rich Taste-Extra Virgin Olive Oil",
      "price": "$10.99",
      "unit": "1 l, $1.10/100ml",
      "original_price": "$17.99",
      "image_url": "https://digital.loblaws.ca/PCX/20156182001_EA/en/1/4179000210_enfr_front_centre_marketing_A_1_GS1_Ecommerce_v1_1200.png",
      "valid": true,
      "error": "Missing",
      "page_url": "https://www.nofrills.ca/en/deals/flyer?page=9"
    },
    {
      "store": "nofrills",
      "name": "Stand N' Stuff Tacos, Dinner Kit, 10 Tacos",
      "price": "$3.47",
      "unit": "250 g, $1.39/100g",
      "original_price": "$4.00",
      "image_url": "https://digital.loblaws.ca/PCX/21494000_EA/en/1/21494000_en_front_v2_1200.png",
      "valid": true,
      "error": "Missing",
      "page_url": "https://www.nofrills.ca/en/deals/flyer?page=9"
    },
    {
      "store": "nofrills",
      "name": "Dry Cured Italian Dry Salami Snack Kit",
      "price": null,
      "unit": "75 g, $4.00/100g",
      "original_price": null,
      "image_url": "https://digital.loblaws.ca/PCX/21120891_EA/en/1/21120891_enfr_front_v2_1200.png",
      "valid": false,
      "error": "Missing price",
      "page_url": "https://www.nofrills.ca/en/deals/flyer?page=9"
    },
    {
      "store": "nofrills",
      "name": "Dairy Free Plant Based Oat Milk Alternative, Original, Plain",
      "price": "$3.75",
      "unit": "1.75 l, $0.21/100ml",
      "original_price": "$4.00",
      "image_url": "https://digital.loblaws.ca/PCX/21196119_EA/en/1/21196119_en_front_1200.png",
      "valid": true,
      "error": "Missing",
      "page_url": "https://www.nofrills.ca/en/deals/flyer?page=9"
    },
    {
      "store": "nofrills",
      "name": "Oat Milk Alternative, Unsweetened, Plant Based, Dairy Free",
      "price": "$3.75",
      "unit": "1.75 l, $0.21/100ml",
      "original_price": "$4.00",
      "image_url": "https://digital.loblaws.ca/PCX/21243598_EA/en/1/21243598_en_front_v1_1200.png",
      "valid": true,
      "error": "Missing",
      "page_url": "https://www.nofrills.ca/en/deals/flyer?page=9"
    },
    {
      "store": "nofrills",
      "name": "Quinn's Vanilla Raspberry Cream",
      "price": null,
      "unit": "6x67.0 g, $1.24/100g",
      "original_price": null,
      "image_url": "https://digital.loblaws.ca/PCX/21392536_EA/en/1/85831500055_enfr_front_centre_marketing_GS1_Ecommerce_1200.png",
      "valid": false,
      "error": "Missing price",
      "page_url": "https://www.nofrills.ca/en/deals/flyer?page=9"
    },
    {
      "store": "nofrills",
      "name": "Vector Meal Replacement Cereal",
      "price": null,
      "unit": "400 g, $1.57/100g",
      "original_price": null,
      "image_url": "https://digital.loblaws.ca/PCX/20015041_EA/en/1/20015041_en_front_1200.png",
      "valid": false,
      "error": "Missing price",
      "page_url": "https://www.nofrills.ca/en/deals/flyer?page=9"
    },
    {
      "store": "nofrills",
      "name": "Cracked Wheat Bread",
      "price": null,
      "unit": "675 g, $0.29/100g",
      "original_price": null,
      "image_url": "https://digital.loblaws.ca/PCX/21509159_EA/en/1/21509159_en_front_1200.png",
      "valid": false,
      "error": "Missing price",
      "page_url": "https://www.nofrills.ca/en/deals/flyer?page=9"
    },
    {
      "store": "nofrills",
      "name": "Fruit Punch Cocktail",
      "price": "$2.00",
      "unit": "8x200.0 ml, $0.13/100ml",
      "original_price": "$3.50",
      "image_url": "https://digital.loblaws.ca/PCX/20315996003_EA/en/2/5641270805_en_front_left_marketing_GS1_Ecommerce_1200.png",
      "valid": true,
      "error": "Missing",
      "page_url": "https://www.nofrills.ca/en/deals/flyer?page=9"
    },
    {
      "store": "nofrills",
      "name": "Lactose-Free Marble Cheestrings",
      "price": "$6.00",
      "unit": "252 g, $2.38/100g",
      "original_price": "$8.50",
      "image_url": "https://digital.loblaws.ca/PCX/21041750_EA/en/1/21041750_enfr_front_v1_1200.png",
      "valid": true,
      "error": "Missing",
      "page_url": "https://www.nofrills.ca/en/deals/flyer?page=9"
    },
    {
      "store": "nofrills",
      "name": "Smoked Beef Pastrami",
      "price": null,
      "unit": "175 g, $2.00/100g",
      "original_price": null,
      "image_url": "https://digital.loblaws.ca/PCX/21599881_EA/en/1/21599881_en_front_1200.png",
      "valid": false,
      "error": "Missing price",
      "page_url": "https://www.nofrills.ca/en/deals/flyer?page=9"
    },
    {
      "store": "nofrills",
      "name": "Crispy Minis All Dressed Flavour Brown Rice Chips",
      "price": "$2.50",
      "unit": "100 g, $2.50/100g",
      "original_price": "$2.79",
      "image_url": "https://digital.loblaws.ca/PCX/21427917_EA/en/1/21427917_en_front_1200.png",
      "valid": true,
      "error": "Missing",
      "page_url": "https://www.nofrills.ca/en/deals/flyer?page=9"
    },
    {
      "store": "nofrills",
      "name": "Kids Yogurt Drink, Strawberry-Banana, Paw Patrol",
      "price": "$3.00",
      "unit": "558 ml, $0.54/100ml",
      "original_price": "$3.50",
      "image_url": "https://digital.loblaws.ca/PCX/21520250_EA/en/1/21520250_en_front_v1_1200.png",
      "valid": true,
      "error": "Missing",
      "page_url": "https://www.nofrills.ca/en/deals/flyer?page=9"
    },
    {
      "store": "nofrills",
      "name": "Three Cheese Ranch Salad Dressing",
      "price": null,
      "unit": "425 ml, $0.71/100ml",
      "original_price": null,
      "image_url": "https://digital.loblaws.ca/PCX/21584808_EA/en/1/21584808_enfr_front_v1_1200.png",
      "valid": false,
      "error": "Missing price",
      "page_url": "https://www.nofrills.ca/en/deals/flyer?page=9"
    },
    {
      "store": "nofrills",
      "name": "Baked Snack Crackers Extra Cheesy Flavour",
      "price": "$2.00",
      "unit": "200 g, $1.00/100g",
      "original_price": "$2.79",
      "image_url": "https://digital.loblaws.ca/PCX/21350259_EA/en/1/21350259_en_front_v1_1200.png",
      "valid": true,
      "error": "Missing",
      "page_url": "https://www.nofrills.ca/en/deals/flyer?page=10"
    },
    {
      "store": "nofrills",
      "name": "Calorie-Wise Greek Salad Dressing With Feta And Oregano",
      "price": null,
      "unit": "425 ml, $0.71/100ml",
      "original_price": null,
      "image_url": "https://digital.loblaws.ca/PCX/21583702_EA/en/1/21583702_enfr_front_v2_1200.png",
      "valid": false,
      "error": "Missing price",
      "page_url": "https://www.nofrills.ca/en/deals/flyer?page=10"
    },
    {
      "store": "nofrills",
      "name": "Smoked Turkey Kolbassa Sausage Slices",
      "price": null,
      "unit": "175 g, $2.00/100g",
      "original_price": null,
      "image_url": "https://digital.loblaws.ca/PCX/21590088_EA/en/1/21590088_enfr_front_v1_1200.png",
      "valid": false,
      "error": "Missing price",
      "page_url": "https://www.nofrills.ca/en/deals/flyer?page=10"
    },
    {
      "store": "nofrills",
      "name": "Sliced Loaf Cake, Vanilla",
      "price": "$3.99",
      "unit": "344 g, $1.16/100g",
      "original_price": "$5.50",
      "image_url": "https://digital.loblaws.ca/PCX/21542159_EA/en/1/21542159_en_front_1200.png",
      "valid": true,
      "error": "Missing",
      "page_url": "https://www.nofrills.ca/en/deals/flyer?page=10"
    },
    {
      "store": "nofrills",
      "name": "Ranch Style Dressing And Dip Mix",
      "price": null,
      "unit": "28 g, $5.36/100g",
      "original_price": null,
      "image_url": "https://digital.loblaws.ca/PCX/20301959001_EA/en/1/20301959001_enfr_front_1200.png",
      "valid": false,
      "error": "Missing price",
      "page_url": "https://www.nofrills.ca/en/deals/flyer?page=10"
    },
    {
      "store": "nofrills",
      "name": "Mango Lassi Cheesecake",
      "price": null,
      "unit": "600 g, $1.50/100g",
      "original_price": null,
      "image_url": "https://digital.loblaws.ca/PCX/21647602_EA/en/1/21647602_en_front_v1_1200.png",
      "valid": false,
      "error": "Missing price",
      "page_url": "https://www.nofrills.ca/en/deals/flyer?page=10"
    },
    {
      "store": "nofrills",
      "name": "Chub Chocolatey Chunk Cookie",
      "price": "$3.00",
      "unit": "468 g, $0.64/100g",
      "original_price": "$3.49",
      "image_url": "https://digital.loblaws.ca/PCX/20318034002_EA/en/1/20318034002_en_front_v1_1200.png",
      "valid": true,
      "error": "Missing",
      "page_url": "https://www.nofrills.ca/en/deals/flyer?page=10"
    },
    {
      "store": "nofrills",
      "name": "Antiperspirant Deodorant, Invisible, Cool Fresh",
      "price": "$2.50",
      "unit": "70 g, $4.29/100g",
      "original_price": null,
      "image_url": "https://digital.loblaws.ca/PCX/20348223001_EA/en/1/20348223001_en_front_v1_1200.png",
      "valid": true,
      "error": "Missing",
      "page_url": "https://www.nofrills.ca/en/deals/flyer?page=10"
    },
    {
      "store": "nofrills",
      "name": "Jammers, Blue Raspberry",
      "price": "$3.00",
      "unit": "10x180.0 ml, $0.17/100ml",
      "original_price": "$4.00",
      "image_url": "https://digital.loblaws.ca/PCX/20079976006_EA/en/1/20079976006_en_front_v1_1200.png",
      "valid": true,
      "error": "Missing",
      "page_url": "https://www.nofrills.ca/en/deals/flyer?page=10"
    },
    {
      "store": "nofrills",
      "name": "Méditerranée 9% Yogurt, Strawberry",
      "price": "$3.25",
      "unit": "500 g, $0.65/100g",
      "original_price": "$3.50",
      "image_url": "https://digital.loblaws.ca/PCX/20788062003_EA/en/1/20788062003_en_front_v3_1200.png",
      "valid": true,
      "error": "Missing",
      "page_url": "https://www.nofrills.ca/en/deals/flyer?page=10"
    },
    {
      "store": "nofrills",
      "name": "Original Balkan Style Cappuccino Yogurt 3.25%",
      "price": "$2.97",
      "unit": "650 g, $0.46/100g",
      "original_price": "$3.50",
      "image_url": "https://digital.loblaws.ca/PCX/20431607002_EA/en/1/20431607002_enfr_front_v2_1200.png",
      "valid": true,
      "error": "Missing",
      "page_url": "https://www.nofrills.ca/en/deals/flyer?page=10"
    },
    {
      "store": "nofrills",
      "name": "Mixed Vegetables",
      "price": "$3.00",
      "unit": "750 g, $0.40/100g",
      "original_price": "$3.50",
      "image_url": "https://digital.loblaws.ca/PCX/21022268_EA/en/1/21022268_en_front_1200.png",
      "valid": true,
      "error": "Missing",
      "page_url": "https://www.nofrills.ca/en/deals/flyer?page=10"
    },
    {
      "store": "nofrills",
      "name": "Carbonated Natural Spring Water, 10 Pack",
      "price": "$6.50",
      "unit": "10x355.0 ml, $0.18/100ml",
      "original_price": "$6.99",
      "image_url": "https://digital.loblaws.ca/PCX/21096722_C10/en/1/21096722_en_front_v1_1200.png",
      "valid": true,
      "error": "Missing",
      "page_url": "https://www.nofrills.ca/en/deals/flyer?page=10"
    },
    {
      "store": "nofrills",
      "name": "Creamy Poppyseed Salad Dressing",
      "price": null,
      "unit": "425 ml, $0.71/100ml",
      "original_price": null,
      "image_url": "https://digital.loblaws.ca/PCX/21584740_EA/en/1/21584740_enfr_front_v2_1200.png",
      "valid": false,
      "error": "Missing price",
      "page_url": "https://www.nofrills.ca/en/deals/flyer?page=10"
    },
    {
      "store": "nofrills",
      "name": "Crispy Minis BBQ flavour brown rice chips",
      "price": "$2.50",
      "unit": "100 g, $2.50/100g",
      "original_price": "$2.79",
      "image_url": "https://digital.loblaws.ca/PCX/20850958_EA/en/1/20850958_en_front_1200.png",
      "valid": true,
      "error": "Missing",
      "page_url": "https://www.nofrills.ca/en/deals/flyer?page=10"
    },
    {
      "store": "nofrills",
      "name": "Only Peanuts All Natural Peanut Butter With Sea Salt",
      "price": "$4.97",
      "unit": "750 g, $0.66/100g",
      "original_price": "$6.50",
      "image_url": "https://digital.loblaws.ca/PCX/21024115_EA/en/1/21024115_en_front_1200.png",
      "valid": true,
      "error": "Missing",
      "page_url": "https://www.nofrills.ca/en/deals/flyer?page=10"
    },
    {
      "store": "nofrills",
      "name": "Fruitsations Fruit Flavoured Snacks, Assorted Fruit, Gluten Free, 10 ct",
      "price": null,
      "unit": "226 g, $1.33/100g",
      "original_price": null,
      "image_url": "https://digital.loblaws.ca/PCX/20686716001_EA/en/1/20686716001_en_front_v1_1200.png",
      "valid": false,
      "error": "Missing price",
      "page_url": "https://www.nofrills.ca/en/deals/flyer?page=10"
    },
    {
      "store": "nofrills",
      "name": "Margarine Unsalted Plant-Based Sticks",
      "price": "$3.00",
      "unit": "454 g, $0.66/100g",
      "original_price": "$4.99",
      "image_url": "https://digital.loblaws.ca/PCX/21088940_EA/en/1/21088940_en_front_v1_1200.png",
      "valid": true,
      "error": "Missing",
      "page_url": "https://www.nofrills.ca/en/deals/flyer?page=10"
    },
    {
      "store": "nofrills",
      "name": "Flakes of Chicken by Maple Leaf",
      "price": "$2.00",
      "unit": "156 g, $1.28/100g",
      "original_price": "$3.69",
      "image_url": "https://digital.loblaws.ca/PCX/20298273005_EA/en/1/20298273005_en_front_v2_1200.png",
      "valid": true,
      "error": "Missing",
      "page_url": "https://www.nofrills.ca/en/deals/flyer?page=10"
    },
    {
      "store": "nofrills",
      "name": "Pink Lemonade",
      "price": "$2.50",
      "unit": "1.75 l, $0.14/100ml",
      "original_price": "$3.00",
      "image_url": "https://digital.loblaws.ca/PCX/21666389_EA/en/1/21666389_enfr_front_1200.png",
      "valid": true,
      "error": "Missing",
      "page_url": "https://www.nofrills.ca/en/deals/flyer?page=10"
    },
    {
      "store": "nofrills",
      "name": "Pizza Mozzarella Cheese",
      "price": "$3.00",
      "unit": "200 g, $1.50/100g",
      "original_price": "$3.79",
      "image_url": "https://digital.loblaws.ca/PCX/20329874_EA/en/1/20329874_en_front_1200.png",
      "valid": true,
      "error": "Missing",
      "page_url": "https://www.nofrills.ca/en/deals/flyer?page=10"
    },
    {
      "store": "nofrills",
      "name": "Corn Pops Cereal",
      "price": "$3.50",
      "unit": "300 g, $1.17/100g",
      "original_price": "$5.00",
      "image_url": "https://digital.loblaws.ca/PCX/21652133_EA/en/1/5972410190_en_front_centre_marketing_1_GS1_Ecommerce_1200.png",
      "valid": true,
      "error": "Missing",
      "page_url": "https://www.nofrills.ca/en/deals/flyer?page=10"
    },
    {
      "store": "nofrills",
      "name": "Mini Wheats Cereal Original",
      "price": null,
      "unit": "460 g, $1.20/100g",
      "original_price": null,
      "image_url": "https://digital.loblaws.ca/PCX/21607207_EA/en/1/21607207_en_front_1200.png",
      "valid": false,
      "error": "Missing price",
      "page_url": "https://www.nofrills.ca/en/deals/flyer?page=10"
    },
    {
      "store": "nofrills",
      "name": "Crispy Minis Salt & Vinegar flavour brown rice chips",
      "price": "$2.50",
      "unit": "100 g, $2.50/100g",
      "original_price": "$2.79",
      "image_url": "https://digital.loblaws.ca/PCX/20303002003_EA/en/1/20303002003_en_front_1200.png",
      "valid": true,
      "error": "Missing",
      "page_url": "https://www.nofrills.ca/en/deals/flyer?page=10"
    },
    {
      "store": "nofrills",
      "name": "Cod Fillets Wild Pacific",
      "price": null,
      "unit": "400 g, $1.75/100g",
      "original_price": null,
      "image_url": "https://digital.loblaws.ca/PCX/20036614_EA/en/1/20036614_en_front_1200.png",
      "valid": false,
      "error": "Missing price",
      "page_url": "https://www.nofrills.ca/en/deals/flyer?page=10"
    },
    {
      "store": "nofrills",
      "name": "Light Marble Cheddar Cheese",
      "price": null,
      "unit": "400 g, $2.00/100g",
      "original_price": null,
      "image_url": "https://digital.loblaws.ca/PCX/21347070_EA/en/1/21347070_en_front_1200.png",
      "valid": false,
      "error": "Missing price",
      "page_url": "https://www.nofrills.ca/en/deals/flyer?page=10"
    },
    {
      "store": "nofrills",
      "name": "Froot Loops Fruit Loops Cereal With Marshmallows",
      "price": "$3.50",
      "unit": "315 g, $1.11/100g",
      "original_price": "$5.00",
      "image_url": "https://digital.loblaws.ca/PCX/21594585_EA/en/1/21594585_en_front_1200.png",
      "valid": true,
      "error": "Missing",
      "page_url": "https://www.nofrills.ca/en/deals/flyer?page=10"
    },
    {
      "store": "nofrills",
      "name": "Lemonade",
      "price": "$2.50",
      "unit": "1.75 l, $0.14/100ml",
      "original_price": "$3.00",
      "image_url": "https://digital.loblaws.ca/PCX/21666536_EA/en/1/21666536_enfr_front_1200.png",
      "valid": true,
      "error": "Missing",
      "page_url": "https://www.nofrills.ca/en/deals/flyer?page=10"
    },
    {
      "store": "nofrills",
      "name": "Natural Selections Sliced Baked Honey Deli Ham",
      "price": "$5.00",
      "unit": "175 g, $28.57/1kg $2.86/100g",
      "original_price": "$7.99",
      "image_url": "https://digital.loblaws.ca/PCX/20339105_EA/en/1/20339105_enfr_front_v2_1200.png",
      "valid": true,
      "error": "Missing",
      "page_url": "https://www.nofrills.ca/en/deals/flyer?page=10"
    },
    {
      "store": "nofrills",
      "name": "Valley Selections Essentials, California Blend",
      "price": "$3.00",
      "unit": "500 g, $0.60/100g",
      "original_price": "$3.50",
      "image_url": "https://digital.loblaws.ca/PCX/21022355_EA/en/1/21022355_en_front_1200.png",
      "valid": true,
      "error": "Missing",
      "page_url": "https://www.nofrills.ca/en/deals/flyer?page=10"
    },
    {
      "store": "nofrills",
      "name": "Salisbury Steak",
      "price": "$4.50",
      "unit": "455 g, $0.99/100g",
      "original_price": "$6.00",
      "image_url": "https://digital.loblaws.ca/PCX/20296014002_EA/en/1/6321106501_enfr_front_centre_marketing_GS1_Ecommerce_1200.png",
      "valid": true,
      "error": "Missing",
      "page_url": "https://www.nofrills.ca/en/deals/flyer?page=10"
    },
    {
      "store": "nofrills",
      "name": "Lunchbox Granola Bars, Double Chocolate, Kids Snacks, 5 ct",
      "price": null,
      "unit": "130 g, $2.31/100g",
      "original_price": null,
      "image_url": "https://digital.loblaws.ca/PCX/20887250_EA/en/1/20887250_en_front_v1_1200.png",
      "valid": false,
      "error": "Missing price",
      "page_url": "https://www.nofrills.ca/en/deals/flyer?page=10"
    },
    {
      "store": "nofrills",
      "name": "Max Zero Sugar Soda",
      "price": "$12.99",
      "unit": "24x355.0 ml, $0.15/100ml",
      "original_price": "$13.99",
      "image_url": "https://digital.loblaws.ca/PCX/20306687007_C24/en/1/20306687007_en_front_v1_1200.png",
      "valid": true,
      "error": "Missing",
      "page_url": "https://www.nofrills.ca/en/deals/flyer?page=10"
    },
    {
      "store": "nofrills",
      "name": "Brown, 25% Less Salt Gravy Mix",
      "price": null,
      "unit": "25 g, $5.16/100g",
      "original_price": null,
      "image_url": "https://digital.loblaws.ca/PCX/20302816005_EA/en/1/20302816005_enfr_front_1200.png",
      "valid": false,
      "error": "Missing price",
      "page_url": "https://www.nofrills.ca/en/deals/flyer?page=10"
    },
    {
      "store": "nofrills",
      "name": "Irish Creme Coffee Creamer",
      "price": "$3.88",
      "unit": "946 ml, $0.41/100ml",
      "original_price": "$5.00",
      "image_url": "https://digital.loblaws.ca/PCX/20895480006_EA/en/1/20895480006_en_front_v2_1200.png",
      "valid": true,
      "error": "Missing",
      "page_url": "https://www.nofrills.ca/en/deals/flyer?page=10"
    },
    {
      "store": "nofrills",
      "name": "French Salad Dressing",
      "price": null,
      "unit": "425 ml, $0.71/100ml",
      "original_price": null,
      "image_url": "https://digital.loblaws.ca/PCX/21584724_EA/en/1/21584724_enfr_front_v1_1200.png",
      "valid": false,
      "error": "Missing price",
      "page_url": "https://www.nofrills.ca/en/deals/flyer?page=10"
    },
    {
      "store": "nofrills",
      "name": "Sole Fillets, Skinless Boneless",
      "price": null,
      "unit": "400 g, $1.75/100g",
      "original_price": null,
      "image_url": "https://digital.loblaws.ca/PCX/20048346_EA/en/1/20048346_en_front_1200.png",
      "valid": false,
      "error": "Missing price",
      "page_url": "https://www.nofrills.ca/en/deals/flyer?page=10"
    },
    {
      "store": "nofrills",
      "name": "Golden Italian Salad Dressing",
      "price": null,
      "unit": "425 ml, $0.71/100ml",
      "original_price": null,
      "image_url": "https://digital.loblaws.ca/PCX/21584134_EA/en/1/21584134_enfr_front_v2_1200.png",
      "valid": false,
      "error": "Missing price",
      "page_url": "https://www.nofrills.ca/en/deals/flyer?page=10"
    },
    {
      "store": "nofrills",
      "name": "Bear Paws Rainbow Chip Cookies",
      "price": "$2.22",
      "unit": "240 g, $0.93/100g",
      "original_price": "$2.50",
      "image_url": "https://digital.loblaws.ca/PCX/21283252_EA/en/1/21283252_en_front_v1_1200.png",
      "valid": true,
      "error": "Missing",
      "page_url": "https://www.nofrills.ca/en/deals/flyer?page=10"
    },
    {
      "store": "nofrills",
      "name": "Méditerranée Yogourt Key Lime Pie 9 % M.F.",
      "price": "$3.25",
      "unit": "500 g, $0.65/100g",
      "original_price": "$3.50",
      "image_url": "https://digital.loblaws.ca/PCX/21547564_EA/en/1/21547564_en_front_v1_1200.png",
      "valid": true,
      "error": "Missing",
      "page_url": "https://www.nofrills.ca/en/deals/flyer?page=10"
    },
    {
      "store": "nofrills",
      "name": "Loaf Cake, Cinnamon Swirl",
      "price": "$3.99",
      "unit": "390 g, $1.02/100g",
      "original_price": "$5.50",
      "image_url": "https://digital.loblaws.ca/PCX/20610846_EA/en/1/6148301225_enfr_front_centre_marketing_GS1_Ecommerce_1200.png",
      "valid": true,
      "error": "Missing",
      "page_url": "https://www.nofrills.ca/en/deals/flyer?page=10"
    },
    {
      "store": "nofrills",
      "name": "Green Goddess Chopped Salad Kit",
      "price": "$4.99",
      "unit": "0.328 kg, $1.52/100g",
      "original_price": "$5.99",
      "image_url": "https://digital.loblaws.ca/PCX/21543041_EA/en/1/21543041_enfr_front_v1_1200.png",
      "valid": true,
      "error": "Missing",
      "page_url": "https://www.nofrills.ca/en/deals/flyer?page=10"
    },
    {
      "store": "nofrills",
      "name": "Loaf Cake, Marble",
      "price": "$3.99",
      "unit": "390 g, $1.02/100g",
      "original_price": "$5.50",
      "image_url": "https://digital.loblaws.ca/PCX/20611096_EA/en/1/6148301228_enfr_front_centre_marketing_GS1_Ecommerce_1200.png",
      "valid": true,
      "error": "Missing",
      "page_url": "https://www.nofrills.ca/en/deals/flyer?page=10"
    },
    {
      "store": "nofrills",
      "name": "Markdale Creamery Mint Chip Ice Cream",
      "price": null,
      "unit": "2 l, $0.20/100ml",
      "original_price": null,
      "image_url": "https://digital.loblaws.ca/PCX/20315236009_EA/en/1/20315236009_enfr_front_1200.png",
      "valid": false,
      "error": "Missing price",
      "page_url": "https://www.nofrills.ca/en/deals/flyer?page=10"
    },
    {
      "store": "nofrills",
      "name": "Jammers, Tropical Punch",
      "price": "$3.00",
      "unit": "10x180.0 ml, $0.17/100ml",
      "original_price": "$4.00",
      "image_url": "https://digital.loblaws.ca/PCX/20079976001_EA/en/1/20079976001_enfr_front_1200.png",
      "valid": true,
      "error": "Missing",
      "page_url": "https://www.nofrills.ca/en/deals/flyer?page=10"
    },
    {
      "store": "nofrills",
      "name": "Quick Crisp Potato Tots",
      "price": "$3.00",
      "unit": "650 g, $0.46/100g",
      "original_price": "$3.50",
      "image_url": "https://digital.loblaws.ca/PCX/21584147_EA/en/1/21584147_enfr_front_v1_1200.png",
      "valid": true,
      "error": "Missing",
      "page_url": "https://www.nofrills.ca/en/deals/flyer?page=10"
    },
    {
      "store": "nofrills",
      "name": "Plant Butter, Salted",
      "price": "$3.00",
      "unit": "454 g, $0.66/100g",
      "original_price": "$5.99",
      "image_url": "https://digital.loblaws.ca/PCX/21279365_EA/en/1/21279365_en_front_v1_1200.png",
      "valid": true,
      "error": "Missing",
      "page_url": "https://www.nofrills.ca/en/deals/flyer?page=10"
    },
    {
      "store": "nofrills",
      "name": "Crispy Minis Everything Large Brown Rice Cakes",
      "price": "$2.50",
      "unit": "168 g, $1.49/100g",
      "original_price": "$2.79",
      "image_url": "https://digital.loblaws.ca/PCX/21218261_EA/en/1/21218261_en_front_1200.png",
      "valid": true,
      "error": "Missing",
      "page_url": "https://www.nofrills.ca/en/deals/flyer?page=10"
    },
    {
      "store": "nofrills",
      "name": "Tea Bags Orange Pekoe",
      "price": "$10.99",
      "unit": "681 g, $1.62/100g",
      "original_price": "$12.99",
      "image_url": "https://digital.loblaws.ca/PCX/21611946_EA/en/1/5717412216_enfr_front_centre_marketing_A_1_GS1_Ecommerce_v1_1200.png",
      "valid": true,
      "error": "Missing",
      "page_url": "https://www.nofrills.ca/en/deals/flyer?page=11"
    },
    {
      "store": "nofrills",
      "name": "Fruit by the Foot Fruit Flavoured Snacks, Rippin' Berry Berry, Gluten Free, 6 ct",
      "price": null,
      "unit": "128 g, $2.34/100g",
      "original_price": null,
      "image_url": "https://digital.loblaws.ca/PCX/20318474002_EA/en/1/20318474002_en_front_v2_1200.png",
      "valid": false,
      "error": "Missing price",
      "page_url": "https://www.nofrills.ca/en/deals/flyer?page=11"
    },
    {
      "store": "nofrills",
      "name": "Danino Strawberry Flavoured Drinkable Yogurt, 6 bottles",
      "price": "$3.00",
      "unit": "6x93.0 ml, $3.23/100ml",
      "original_price": "$3.50",
      "image_url": "https://digital.loblaws.ca/PCX/21520253_EA/en/1/21520253_en_front_v1_1200.png",
      "valid": true,
      "error": "Missing",
      "page_url": "https://www.nofrills.ca/en/deals/flyer?page=11"
    },
    {
      "store": "nofrills",
      "name": "Natural Selections Sliced Deli Ham, Baked",
      "price": "$5.00",
      "unit": "175 g, $28.57/1kg $2.86/100g",
      "original_price": "$7.99",
      "image_url": "https://digital.loblaws.ca/PCX/20060489_EA/en/1/20060489_enfr_front_v1_1200.png",
      "valid": true,
      "error": "Missing",
      "page_url": "https://www.nofrills.ca/en/deals/flyer?page=11"
    },
    {
      "store": "nofrills",
      "name": "Sweet & Salty Almond Chewy Nut Bars",
      "price": null,
      "unit": "175 g, $1.43/100g",
      "original_price": null,
      "image_url": "https://digital.loblaws.ca/PCX/20315413002_EA/en/1/6038398147_en_front_centre_marketing_1_GS1_Ecommerce_1200.png",
      "valid": false,
      "error": "Missing price",
      "page_url": "https://www.nofrills.ca/en/deals/flyer?page=11"
    },
    {
      "store": "nofrills",
      "name": "Mix-Ups Chicken, Catnip & Cheddar Flavour Adult Cat Treats",
      "price": null,
      "unit": "180 g, $1.55/100g",
      "original_price": null,
      "image_url": "https://digital.loblaws.ca/PCX/21105375_EA/en/1/21105375_en_front_1200.png",
      "valid": false,
      "error": "Missing price",
      "page_url": "https://www.nofrills.ca/en/deals/flyer?page=11"
    },
    {
      "store": "nofrills",
      "name": "Hazelnut Spread With Cocoa, Less Sugar",
      "price": "$4.97",
      "unit": "725 g, $0.69/100g",
      "original_price": "$7.49",
      "image_url": "https://digital.loblaws.ca/PCX/21380971_EA/en/1/21380971_en_front_1200.png",
      "valid": true,
      "error": "Missing",
      "page_url": "https://www.nofrills.ca/en/deals/flyer?page=11"
    },
    {
      "store": "nofrills",
      "name": "CHIPS AHOY! Crunchy CARAMILK Cookies, with delightful chocolatey caramel chips, resealable pack",
      "price": null,
      "unit": "253 g, $0.99/100g",
      "original_price": null,
      "image_url": "https://digital.loblaws.ca/PCX/21573743_EA/en/1/21573743_en_front_1200.png",
      "valid": false,
      "error": "Missing price",
      "page_url": "https://www.nofrills.ca/en/deals/flyer?page=11"
    },
    {
      "store": "nofrills",
      "name": "Margarine with Olive Oil",
      "price": "$5.00",
      "unit": "907 g, $0.55/100g",
      "original_price": "$5.79",
      "image_url": "https://digital.loblaws.ca/PCX/20604430_EA/en/1/20604430_enfr_front_v1_1200.png",
      "valid": true,
      "error": "Missing",
      "page_url": "https://www.nofrills.ca/en/deals/flyer?page=11"
    },
    {
      "store": "nofrills",
      "name": "Iced Tea",
      "price": "$2.50",
      "unit": "1.75 l, $0.14/100ml",
      "original_price": "$3.00",
      "image_url": "https://digital.loblaws.ca/PCX/21666561_EA/en/1/21666561_enfr_front_1200.png",
      "valid": true,
      "error": "Missing",
      "page_url": "https://www.nofrills.ca/en/deals/flyer?page=11"
    },
    {
      "store": "nofrills",
      "name": "Elk Crossing Ice Cream",
      "price": "$3.00",
      "unit": "946 ml, $0.32/100ml",
      "original_price": "$5.00",
      "image_url": "https://digital.loblaws.ca/PCX/20854145001_EA/en/1/20854145001_enfr_front_v1_1200.png",
      "valid": true,
      "error": "Missing",
      "page_url": "https://www.nofrills.ca/en/deals/flyer?page=11"
    },
    {
      "store": "nofrills",
      "name": "Sirloin Tip Steak, Club Pack",
      "price": "about $21.75",
      "unit": "$26.46/1kg $12.01/1lb",
      "original_price": "$22.64",
      "image_url": "https://digital.loblaws.ca/PCX/20357591_KG/en/1/20357591_en_front_1200.png",
      "valid": true,
      "error": "Missing",
      "page_url": "https://www.nofrills.ca/en/deals/flyer?page=11"
    },
    {
      "store": "nofrills",
      "name": "Triple Cheddar Shredded Cheese",
      "price": null,
      "unit": "320 g, $2.28/100g",
      "original_price": null,
      "image_url": "https://digital.loblaws.ca/PCX/21286215_EA/en/1/21286215_en_front_v1_1200.png",
      "valid": false,
      "error": "Missing price",
      "page_url": "https://www.nofrills.ca/en/deals/flyer?page=11"
    },
    {
      "store": "nofrills",
      "name": "Creamy Cashew Milk Alternative, Unsweetened Original, Dairy-Free",
      "price": "$3.75",
      "unit": "1.89 l, $0.20/100ml",
      "original_price": "$4.00",
      "image_url": "https://digital.loblaws.ca/PCX/20863698_EA/en/1/20863698_en_front_v1_1200.png",
      "valid": true,
      "error": "Missing",
      "page_url": "https://www.nofrills.ca/en/deals/flyer?page=11"
    },
    {
      "store": "nofrills",
      "name": "TRISCUIT Dill Sea Salt & Olive Oil Crackers",
      "price": null,
      "unit": "200 g, $1.25/100g",
      "original_price": null,
      "image_url": "https://digital.loblaws.ca/PCX/21032650_EA/en/1/6672100744_en_front_centre_marketing_A_1_GS1_Ecommerce_1200.png",
      "valid": false,
      "error": "Missing price",
      "page_url": "https://www.nofrills.ca/en/deals/flyer?page=11"
    },
    {
      "store": "nofrills",
      "name": "Turkey",
      "price": "$4.50",
      "unit": "455 g, $0.99/100g",
      "original_price": "$6.00",
      "image_url": "https://digital.loblaws.ca/PCX/20296014003_EA/en/1/6321106502_enfr_front_centre_marketing_GS1_Ecommerce_1200.png",
      "valid": true,
      "error": "Missing",
      "page_url": "https://www.nofrills.ca/en/deals/flyer?page=11"
    },
    {
      "store": "nofrills",
      "name": "Fruit Gushers Fruit Flavoured Snacks, Variety Pack, Gluten Free, 6 ct",
      "price": null,
      "unit": "138 g, $2.17/100g",
      "original_price": null,
      "image_url": "https://digital.loblaws.ca/PCX/20639204001_EA/en/1/20639204001_en_front_v1_1200.png",
      "valid": false,
      "error": "Missing price",
      "page_url": "https://www.nofrills.ca/en/deals/flyer?page=11"
    },
    {
      "store": "nofrills",
      "name": "Chips Ahoy Soft & Chunky Original Cookies",
      "price": null,
      "unit": "290 g, $0.86/100g",
      "original_price": null,
      "image_url": "https://digital.loblaws.ca/PCX/20970789_EA/en/1/6672100623_enfr_front_centre_marketing_1_GS1_Ecommerce_1200.png",
      "valid": false,
      "error": "Missing price",
      "page_url": "https://www.nofrills.ca/en/deals/flyer?page=11"
    },
    {
      "store": "nofrills",
      "name": "Medium Cheddar Cheese",
      "price": "$3.00",
      "unit": "200 g, $1.50/100g",
      "original_price": "$3.79",
      "image_url": "https://digital.loblaws.ca/PCX/20316127_EA/en/1/20316127_en_front_1200.png",
      "valid": true,
      "error": "Missing",
      "page_url": "https://www.nofrills.ca/en/deals/flyer?page=11"
    },
    {
      "store": "nofrills",
      "name": "Bacon Caesar Salad Dressing",
      "price": null,
      "unit": "425 ml, $0.71/100ml",
      "original_price": null,
      "image_url": "https://digital.loblaws.ca/PCX/21584133_EA/en/1/21584133_en_front_1200.png",
      "valid": false,
      "error": "Missing price",
      "page_url": "https://www.nofrills.ca/en/deals/flyer?page=11"
    },
    {
      "store": "nofrills",
      "name": "Krave Cereal",
      "price": "$3.50",
      "unit": "300 g, $1.17/100g",
      "original_price": "$5.00",
      "image_url": "https://digital.loblaws.ca/PCX/21653608_EA/en/1/5972410154_en_front_centre_marketing_1_GS1_Ecommerce_1200.png",
      "valid": true,
      "error": "Missing",
      "page_url": "https://www.nofrills.ca/en/deals/flyer?page=11"
    },
    {
      "store": "nofrills",
      "name": "Lemon Lime Soda Can",
      "price": "$12.99",
      "unit": "24x355.0 ml, $0.15/100ml",
      "original_price": "$13.99",
      "image_url": "https://digital.loblaws.ca/PCX/20298360001_C24/en/1/20298360001_en_front_v1_1200.png",
      "valid": true,
      "error": "Missing",
      "page_url": "https://www.nofrills.ca/en/deals/flyer?page=11"
    },
    {
      "store": "nofrills",
      "name": "Pulp Free Bottle",
      "price": null,
      "unit": "340 ml, $0.59/100ml",
      "original_price": null,
      "image_url": "https://digital.loblaws.ca/PCX/20767362_EA/en/1/20767362_en_front_v1_1200.png",
      "valid": false,
      "error": "Missing price",
      "page_url": "https://www.nofrills.ca/en/deals/flyer?page=11"
    },
    {
      "store": "nofrills",
      "name": "Sweet & Sticky Honey Garlic Flavour Chicken Wings",
      "price": "$7.00",
      "unit": "615 g, $1.14/100g",
      "original_price": "$13.99",
      "image_url": "https://digital.loblaws.ca/PCX/21372435_EA/en/1/21372435_en_front_v1_1200.png",
      "valid": true,
      "error": "Missing",
      "page_url": "https://www.nofrills.ca/en/deals/flyer?page=11"
    },
    {
      "store": "nofrills",
      "name": "Zero Sugar",
      "price": null,
      "unit": "473 ml, $0.63/100ml",
      "original_price": null,
      "image_url": "https://digital.loblaws.ca/PCX/20938012_EA/en/1/20938012_en_front_v1_1200.png",
      "valid": false,
      "error": "Missing price",
      "page_url": "https://www.nofrills.ca/en/deals/flyer?page=11"
    },
    {
      "store": "nofrills",
      "name": "Men's Deodorant, Ocean Surf",
      "price": "$2.50",
      "unit": "85 g, $3.53/100g",
      "original_price": null,
      "image_url": "https://digital.loblaws.ca/PCX/20847071_EA/en/1/20847071_en_front_v1_1200.png",
      "valid": true,
      "error": "Missing",
      "page_url": "https://www.nofrills.ca/en/deals/flyer?page=11"
    },
    {
      "store": "nofrills",
      "name": "Original Corn Dogs",
      "price": "$15.00",
      "unit": "1.5 kg, $1.00/100g",
      "original_price": "$17.99",
      "image_url": "https://digital.loblaws.ca/PCX/20065224002_EA/en/1/20065224002_en_front_1200.png",
      "valid": true,
      "error": "Missing",
      "page_url": "https://www.nofrills.ca/en/deals/flyer?page=11"
    },
    {
      "store": "nofrills",
      "name": "OREO Birthday Cake Chocolate Sandwich Cookies",
      "price": null,
      "unit": "261 g, $0.96/100g",
      "original_price": null,
      "image_url": "https://digital.loblaws.ca/PCX/21358838_EA/en/1/21358838_enfr_front_1200.png",
      "valid": false,
      "error": "Missing price",
      "page_url": "https://www.nofrills.ca/en/deals/flyer?page=11"
    },
    {
      "store": "nofrills",
      "name": "Chewy Trail Mix Granola Bars, Fruit and Nut, 5 ct",
      "price": null,
      "unit": "175 g, $1.71/100g",
      "original_price": null,
      "image_url": "https://digital.loblaws.ca/PCX/20315520005_EA/en/1/20315520005_en_front_v2_1200.png",
      "valid": false,
      "error": "Missing price",
      "page_url": "https://www.nofrills.ca/en/deals/flyer?page=11"
    },
    {
      "store": "nofrills",
      "name": "Soft Unripened Goat's Milk Cheese",
      "price": null,
      "unit": "140 g, $3.57/100g",
      "original_price": null,
      "image_url": "https://digital.loblaws.ca/PCX/20330259_EA/en/1/6038387442_enfr_front_centre_marketing_GS1_Ecommerce_1200.png",
      "valid": false,
      "error": "Missing price",
      "page_url": "https://www.nofrills.ca/en/deals/flyer?page=11"
    },
    {
      "store": "nofrills",
      "name": "Tex Mex Shredded Cheese",
      "price": null,
      "unit": "320 g, $2.28/100g",
      "original_price": null,
      "image_url": "https://digital.loblaws.ca/PCX/21286240_EA/en/1/21286240_en_front_1200.png",
      "valid": false,
      "error": "Missing price",
      "page_url": "https://www.nofrills.ca/en/deals/flyer?page=11"
    },
    {
      "store": "nofrills",
      "name": "Punch Mango Loco",
      "price": null,
      "unit": "473 ml, $0.63/100ml",
      "original_price": null,
      "image_url": "https://digital.loblaws.ca/PCX/21128337_EA/en/1/21128337_enfr_front_v1_1200.png",
      "valid": false,
      "error": "Missing price",
      "page_url": "https://www.nofrills.ca/en/deals/flyer?page=11"
    },
    {
      "store": "nofrills",
      "name": "Capocollo, Sliced",
      "price": "$3.00",
      "unit": "125 g, $24.00/1kg $2.40/100g",
      "original_price": "$4.49",
      "image_url": "https://digital.loblaws.ca/PCX/20577341_EA/en/1/6008505135_enfr_front_centre_marketing_A_1_GS1_Ecommerce_1200.png",
      "valid": true,
      "error": "Missing",
      "page_url": "https://www.nofrills.ca/en/deals/flyer?page=11"
    },
    {
      "store": "nofrills",
      "name": "Creamy Cucumber Salad Dressing",
      "price": null,
      "unit": "425 ml, $0.71/100ml",
      "original_price": null,
      "image_url": "https://digital.loblaws.ca/PCX/21584558_EA/en/1/21584558_en_front_1200.png",
      "valid": false,
      "error": "Missing price",
      "page_url": "https://www.nofrills.ca/en/deals/flyer?page=11"
    },
    {
      "store": "nofrills",
      "name": "Margarine Salted Plant-Based Sticks",
      "price": "$3.00",
      "unit": "454 g, $0.66/100g",
      "original_price": "$4.99",
      "image_url": "https://digital.loblaws.ca/PCX/21088919_EA/en/1/21088919_en_front_v1_1200.png",
      "valid": true,
      "error": "Missing",
      "page_url": "https://www.nofrills.ca/en/deals/flyer?page=11"
    },
    {
      "store": "nofrills",
      "name": "V-GO Vegetable Cocktail",
      "price": "$2.00",
      "unit": "6x156.0 ml, $0.21/100ml",
      "original_price": "$4.49",
      "image_url": "https://digital.loblaws.ca/PCX/20297564003_EA/en/1/6321114972_enfr_front_centre_marketing_GS1_Ecommerce_1200.png",
      "valid": true,
      "error": "Missing",
      "page_url": "https://www.nofrills.ca/en/deals/flyer?page=11"
    },
    {
      "store": "nofrills",
      "name": "Diet Soda",
      "price": "$1.00",
      "unit": "1 l, $0.10/100ml",
      "original_price": "$1.75",
      "image_url": "https://digital.loblaws.ca/PCX/20040201002_EA/en/1/20040201002_en_front_v1_1200.png",
      "valid": true,
      "error": "Missing",
      "page_url": "https://www.nofrills.ca/en/deals/flyer?page=11"
    },
    {
      "store": "nofrills",
      "name": "Ritz Cheese Nibs Crackers",
      "price": null,
      "unit": "180 g, $1.39/100g",
      "original_price": null,
      "image_url": "https://digital.loblaws.ca/PCX/21547043_EA/en/1/21547043_en_front_1200.png",
      "valid": false,
      "error": "Missing price",
      "page_url": "https://www.nofrills.ca/en/deals/flyer?page=11"
    },
    {
      "store": "nofrills",
      "name": "Cinnamon Rolls with Icing, Ready to Bake 8 ct",
      "price": "$3.00",
      "unit": "351 g, $0.85/100g",
      "original_price": "$3.49",
      "image_url": "https://digital.loblaws.ca/PCX/20320962002_EA/en/1/20320962002_en_front_1200.png",
      "valid": true,
      "error": "Missing",
      "page_url": "https://www.nofrills.ca/en/deals/flyer?page=11"
    },
    {
      "store": "nofrills",
      "name": "Original Carbonated Natural Spring Water, No Calories, No Sweeteners, No Sodium, Can",
      "price": "$7.00",
      "unit": "8x330.0 ml, $0.27/100ml",
      "original_price": "$8.49",
      "image_url": "https://digital.loblaws.ca/PCX/21509060_C08/en/1/21509060_en_front_1200.png",
      "valid": true,
      "error": "Missing",
      "page_url": "https://www.nofrills.ca/en/deals/flyer?page=11"
    },
    {
      "store": "nofrills",
      "name": "Lemonade Liquid Water Enhancer",
      "price": "$3.00",
      "unit": "48 ml, $6.25/100ml",
      "original_price": "$3.25",
      "image_url": "https://digital.loblaws.ca/PCX/20663423_EA/en/1/20663423_en_front_v1_1200.png",
      "valid": true,
      "error": "Missing",
      "page_url": "https://www.nofrills.ca/en/deals/flyer?page=11"
    },
    {
      "store": "nofrills",
      "name": "Méditerranée 9% Yogurt Special Edition",
      "price": "$3.25",
      "unit": "500 g, $0.65/100g",
      "original_price": "$3.50",
      "image_url": "https://digital.loblaws.ca/PCX/21619591_EA/en/1/21619591_en_front_1200.png",
      "valid": true,
      "error": "Missing",
      "page_url": "https://www.nofrills.ca/en/deals/flyer?page=11"
    },
    {
      "store": "nofrills",
      "name": "Light Pizza Mozzarella Cheese",
      "price": null,
      "unit": "400 g, $2.00/100g",
      "original_price": null,
      "image_url": "https://digital.loblaws.ca/PCX/21347152_EA/en/1/21347152_en_front_1200.png",
      "valid": false,
      "error": "Missing price",
      "page_url": "https://www.nofrills.ca/en/deals/flyer?page=11"
    },
    {
      "store": "nofrills",
      "name": "Loaf Cake, Golden",
      "price": "$3.99",
      "unit": "390 g, $1.02/100g",
      "original_price": "$5.50",
      "image_url": "https://digital.loblaws.ca/PCX/20611092_EA/en/1/6148301229_enfr_front_centre_marketing_GS1_Ecommerce_1200.png",
      "valid": true,
      "error": "Missing",
      "page_url": "https://www.nofrills.ca/en/deals/flyer?page=11"
    },
    {
      "store": "nofrills",
      "name": "Yop 1% Drinkable Yogurt, Magical Edition, Yogurt Drink",
      "price": null,
      "unit": "200 ml, $0.50/100ml",
      "original_price": null,
      "image_url": "https://digital.loblaws.ca/PCX/21548124_EA/en/1/21548124_en_front_1200.png",
      "valid": false,
      "error": "Missing price",
      "page_url": "https://www.nofrills.ca/en/deals/flyer?page=11"
    },
    {
      "store": "nofrills",
      "name": "Popcorn Chicken, Fully Cooked",
      "price": "$7.00",
      "unit": "700 g, $1.00/100g",
      "original_price": "$11.50",
      "image_url": "https://digital.loblaws.ca/PCX/21191827_EA/en/1/6929912642_en_front_centre_marketing_GS1_Ecommerce_1200.png",
      "valid": true,
      "error": "Missing",
      "page_url": "https://www.nofrills.ca/en/deals/flyer?page=11"
    },
    {
      "store": "nofrills",
      "name": "Shredded Feta Cheese",
      "price": null,
      "unit": "300 g, $2.10/100g",
      "original_price": null,
      "image_url": "https://digital.loblaws.ca/PCX/20711027_EA/en/1/20711027_en_front_1200.png",
      "valid": false,
      "error": "Missing price",
      "page_url": "https://www.nofrills.ca/en/deals/flyer?page=11"
    },
    {
      "store": "nofrills",
      "name": "Goat Cheese",
      "price": null,
      "unit": "140 g, $3.57/100g",
      "original_price": null,
      "image_url": "https://digital.loblaws.ca/PCX/20000584_EA/en/1/20000584_en_front_1200.png",
      "valid": false,
      "error": "Missing price",
      "page_url": "https://www.nofrills.ca/en/deals/flyer?page=11"
    },
    {
      "store": "nofrills",
      "name": "Frozen Yogurt Cappuccino",
      "price": "$6.00",
      "unit": "2 l, $0.30/100ml",
      "original_price": "$7.50",
      "image_url": "https://digital.loblaws.ca/PCX/20314434007_EA/en/1/20314434007_en_front_v1_1200.png",
      "valid": true,
      "error": "Missing",
      "page_url": "https://www.nofrills.ca/en/deals/flyer?page=12"
    },
    {
      "store": "nofrills",
      "name": "Buffalo Wings Sauce",
      "price": "$3.99",
      "unit": "354 ml, $1.13/100ml",
      "original_price": "$4.50",
      "image_url": "https://digital.loblaws.ca/PCX/20187632003_EA/en/1/20187632003_en_front_1200.png",
      "valid": true,
      "error": "Missing",
      "page_url": "https://www.nofrills.ca/en/deals/flyer?page=12"
    },
    {
      "store": "nofrills",
      "name": "Pizza Mozzarella Shredded Cheese",
      "price": null,
      "unit": "320 g, $2.28/100g",
      "original_price": null,
      "image_url": "https://digital.loblaws.ca/PCX/21286208_EA/en/1/21286208_en_front_v1_1200.png",
      "valid": false,
      "error": "Missing price",
      "page_url": "https://www.nofrills.ca/en/deals/flyer?page=12"
    },
    {
      "store": "nofrills",
      "name": "Light Whipped Topping",
      "price": "$3.00",
      "unit": "1 l, $0.30/100ml",
      "original_price": "$3.79",
      "image_url": "https://digital.loblaws.ca/PCX/20113422002_EA/en/1/20113422002_enfr_front_1200.png",
      "valid": true,
      "error": "Missing",
      "page_url": "https://www.nofrills.ca/en/deals/flyer?page=12"
    },
    {
      "store": "nofrills",
      "name": "Rainbow Tortellini",
      "price": null,
      "unit": "600 g, $0.83/100g",
      "original_price": null,
      "image_url": "https://digital.loblaws.ca/PCX/21522093_EA/en/1/21522093_en_front_1200.png",
      "valid": false,
      "error": "Missing price",
      "page_url": "https://www.nofrills.ca/en/deals/flyer?page=12"
    },
    {
      "store": "nofrills",
      "name": "Ritz Cheese Bits, Cheddar",
      "price": null,
      "unit": "180 g, $1.39/100g",
      "original_price": null,
      "image_url": "https://digital.loblaws.ca/PCX/21547029_EA/en/1/6672102865_en_front_centre_marketing_GS1_Ecommerce_1200.png",
      "valid": false,
      "error": "Missing price",
      "page_url": "https://www.nofrills.ca/en/deals/flyer?page=12"
    },
    {
      "store": "nofrills",
      "name": "TRISCUIT Thin Crisp Garlic Parmesan Crackers",
      "price": null,
      "unit": "200 g, $1.25/100g",
      "original_price": null,
      "image_url": "https://digital.loblaws.ca/PCX/21031561_EA/en/1/21031561_en_front_1200.png",
      "valid": false,
      "error": "Missing price",
      "page_url": "https://www.nofrills.ca/en/deals/flyer?page=12"
    },
    {
      "store": "nofrills",
      "name": "Eggo Cinnamon Toast Waffles, 8 waffles",
      "price": "$3.00",
      "unit": "280 g, $1.07/100g",
      "original_price": "$4.25",
      "image_url": "https://digital.loblaws.ca/PCX/20323436005_EA/en/1/20323436005_en_front_1200.png",
      "valid": true,
      "error": "Missing",
      "page_url": "https://www.nofrills.ca/en/deals/flyer?page=12"
    },
    {
      "store": "nofrills",
      "name": "Ultra Peachy Keen",
      "price": null,
      "unit": "473 ml, $0.63/100ml",
      "original_price": null,
      "image_url": "https://digital.loblaws.ca/PCX/21518499_EA/en/1/21518499_en_front_1200.png",
      "valid": false,
      "error": "Missing price",
      "page_url": "https://www.nofrills.ca/en/deals/flyer?page=12"
    },
    {
      "store": "nofrills",
      "name": "Flakes of Ham, Less Salt by Maple Leaf",
      "price": "$2.00",
      "unit": "156 g, $1.28/100g",
      "original_price": "$3.69",
      "image_url": "https://digital.loblaws.ca/PCX/20298273002_EA/en/1/20298273002_en_front_v1_1200.png",
      "valid": true,
      "error": "Missing",
      "page_url": "https://www.nofrills.ca/en/deals/flyer?page=12"
    },
    {
      "store": "nofrills",
      "name": "Chocolatines",
      "price": "$3.99",
      "unit": "260 g, $1.53/100g",
      "original_price": "$5.00",
      "image_url": "https://digital.loblaws.ca/PCX/20967794_EA/en/1/20967794_enfr_front_v1_1200.png",
      "valid": true,
      "error": "Missing",
      "page_url": "https://www.nofrills.ca/en/deals/flyer?page=12"
    },
    {
      "store": "nofrills",
      "name": "Simply Homestyle Fries with Sea Salt",
      "price": "$3.00",
      "unit": "750 g, $0.40/100g",
      "original_price": "$4.00",
      "image_url": "https://digital.loblaws.ca/PCX/20318419001_EA/en/1/20318419001_enfr_front_v1_1200.png",
      "valid": true,
      "error": "Missing",
      "page_url": "https://www.nofrills.ca/en/deals/flyer?page=12"
    },
    {
      "store": "nofrills",
      "name": "Mexican Fiesta Marble Cheddar with Jalapeño Cheese",
      "price": null,
      "unit": "400 g, $2.00/100g",
      "original_price": null,
      "image_url": "https://digital.loblaws.ca/PCX/21346690_EA/en/1/21346690_en_front_1200.png",
      "valid": false,
      "error": "Missing price",
      "page_url": "https://www.nofrills.ca/en/deals/flyer?page=12"
    },
    {
      "store": "nofrills",
      "name": "Beef Pie",
      "price": "$1.50",
      "unit": "200 g, $0.75/100g",
      "original_price": "$2.50",
      "image_url": "https://digital.loblaws.ca/PCX/20320525002_EA/en/1/20320525002_en_front_1200.png",
      "valid": true,
      "error": "Missing",
      "page_url": "https://www.nofrills.ca/en/deals/flyer?page=12"
    },
    {
      "store": "nofrills",
      "name": "DAIRY MILK Crunchie Chocolate Bar, Sponge Toffee Pieces",
      "price": null,
      "unit": "90 g, $3.33/100g",
      "original_price": "$3.29",
      "image_url": "https://digital.loblaws.ca/PCX/21658253_EA/en/1/21658253_enfr_front_1200.png",
      "valid": false,
      "error": "Missing price",
      "page_url": "https://www.nofrills.ca/en/deals/flyer?page=12"
    },
    {
      "store": "nofrills",
      "name": "Yop 1% Drinkable Yogurt, Mango, Lactose Free Yogurt Drink",
      "price": null,
      "unit": "200 ml, $0.50/100ml",
      "original_price": null,
      "image_url": "https://digital.loblaws.ca/PCX/21474080_EA/en/1/21474080_en_front_1200.png",
      "valid": false,
      "error": "Missing price",
      "page_url": "https://www.nofrills.ca/en/deals/flyer?page=12"
    },
    {
      "store": "nofrills",
      "name": "Naturally Imperfect Strawberries, Banana, and Blueberries Fruit Blend",
      "price": null,
      "unit": "400 g, $0.75/100g",
      "original_price": null,
      "image_url": "https://digital.loblaws.ca/PCX/21545095_EA/en/1/21545095_en_front_1200.png",
      "valid": false,
      "error": "Missing price",
      "page_url": "https://www.nofrills.ca/en/deals/flyer?page=12"
    },
    {
      "store": "nofrills",
      "name": "Tomato Ketchup No Sugar Added",
      "price": null,
      "unit": "750 ml, $0.67/100ml",
      "original_price": null,
      "image_url": "https://digital.loblaws.ca/PCX/20762350_EA/en/1/20762350_enfr_front_v1_1200.png",
      "valid": false,
      "error": "Missing price",
      "page_url": "https://www.nofrills.ca/en/deals/flyer?page=12"
    },
    {
      "store": "nofrills",
      "name": "Rocky Road Ice Cream",
      "price": "$3.00",
      "unit": "946 ml, $0.32/100ml",
      "original_price": "$5.00",
      "image_url": "https://digital.loblaws.ca/PCX/21013145_EA/en/1/21013145_enfr_front_v1_1200.png",
      "valid": true,
      "error": "Missing",
      "page_url": "https://www.nofrills.ca/en/deals/flyer?page=12"
    },
    {
      "store": "nofrills",
      "name": "Danino Raspberry Flavoured Drinkable Yogurt, 6 bottles",
      "price": "$3.00",
      "unit": "558 ml, $0.54/100ml",
      "original_price": "$3.50",
      "image_url": "https://digital.loblaws.ca/PCX/21520245_EA/en/1/21520245_en_front_v1_1200.png",
      "valid": true,
      "error": "Missing",
      "page_url": "https://www.nofrills.ca/en/deals/flyer?page=12"
    },
    {
      "store": "nofrills",
      "name": "Rotisserie-Style Chicken Slices",
      "price": null,
      "unit": "175 g, $2.00/100g",
      "original_price": null,
      "image_url": "https://digital.loblaws.ca/PCX/21630317_EA/en/1/21630317_enfr_front_1200.png",
      "valid": false,
      "error": "Missing price",
      "page_url": "https://www.nofrills.ca/en/deals/flyer?page=12"
    },
    {
      "store": "nofrills",
      "name": "Poutine Gravy Mix",
      "price": null,
      "unit": "42 g, $3.07/100g",
      "original_price": null,
      "image_url": "https://digital.loblaws.ca/PCX/20323504001_EA/en/1/20323504001_enfr_front_1200.png",
      "valid": false,
      "error": "Missing price",
      "page_url": "https://www.nofrills.ca/en/deals/flyer?page=12"
    },
    {
      "store": "nofrills",
      "name": "Friskies 7 Seven Favourites Flavours, Dry Cat Food",
      "price": "$5.50",
      "unit": "1.42 kg, $0.39/100g",
      "original_price": "$6.29",
      "image_url": "https://digital.loblaws.ca/PCX/20912515_EA/en/1/20912515_en_front_1200.png",
      "valid": true,
      "error": "Missing",
      "page_url": "https://www.nofrills.ca/en/deals/flyer?page=12"
    },
    {
      "store": "nofrills",
      "name": "Sparkling Water Apple",
      "price": null,
      "unit": "12x355.0 ml, $0.15/100ml",
      "original_price": null,
      "image_url": "https://digital.loblaws.ca/PCX/21443731_C12/en/1/21443731_en_front_v1_1200.png",
      "valid": false,
      "error": "Missing price",
      "page_url": "https://www.nofrills.ca/en/deals/flyer?page=12"
    },
    {
      "store": "nofrills",
      "name": "Light Old Cheddar Cheese",
      "price": null,
      "unit": "400 g, $2.00/100g",
      "original_price": null,
      "image_url": "https://digital.loblaws.ca/PCX/21347105_EA/en/1/21347105_en_front_1200.png",
      "valid": false,
      "error": "Missing price",
      "page_url": "https://www.nofrills.ca/en/deals/flyer?page=12"
    },
    {
      "store": "nofrills",
      "name": "Protein Almond & Cashew Beverage, Vanilla, Unsweetened, Dairy-Free",
      "price": "$3.75",
      "unit": "1.75 l, $0.21/100ml",
      "original_price": "$4.00",
      "image_url": "https://digital.loblaws.ca/PCX/21337489_EA/en/1/21337489_en_front_v1_1200.png",
      "valid": true,
      "error": "Missing",
      "page_url": "https://www.nofrills.ca/en/deals/flyer?page=12"
    },
    {
      "store": "nofrills",
      "name": "Coffee Creamer, Chocolate-Covered Strawberry, Limited Edition",
      "price": "$3.88",
      "unit": "946 ml, $0.41/100ml",
      "original_price": "$5.00",
      "image_url": "https://digital.loblaws.ca/PCX/21242388_EA/en/1/21242388_en_front_v6_1200.png",
      "valid": true,
      "error": "Missing",
      "page_url": "https://www.nofrills.ca/en/deals/flyer?page=12"
    },
    {
      "store": "nofrills",
      "name": "Original Balkan Style Fat Free Plain Yogurt 0%",
      "price": "$2.97",
      "unit": "750 g, $0.40/100g",
      "original_price": "$3.50",
      "image_url": "https://digital.loblaws.ca/PCX/20170533003_EA/en/1/20170533003_enfr_front_v2_1200.png",
      "valid": true,
      "error": "Missing",
      "page_url": "https://www.nofrills.ca/en/deals/flyer?page=12"
    },
    {
      "store": "nofrills",
      "name": "Quick Crisp Slim Steak Cut Fries",
      "price": null,
      "unit": "650 g, $0.66/100g",
      "original_price": null,
      "image_url": "https://digital.loblaws.ca/PCX/21584077_EA/en/1/21584077_enfr_front_v1_1200.png",
      "valid": false,
      "error": "Missing price",
      "page_url": "https://www.nofrills.ca/en/deals/flyer?page=12"
    },
    {
      "store": "nofrills",
      "name": "Burnt Almond Chocolate Bar, Dark Chocolate with Chopped Almonds",
      "price": null,
      "unit": "90 g, $3.33/100g",
      "original_price": "$3.29",
      "image_url": "https://digital.loblaws.ca/PCX/21648514_EA/en/1/21648514_enfr_front_1200.png",
      "valid": false,
      "error": "Missing price",
      "page_url": "https://www.nofrills.ca/en/deals/flyer?page=12"
    },
    {
      "store": "nofrills",
      "name": "Mega Can Original Flavour",
      "price": "$3.00",
      "unit": "194 g, $1.55/100g",
      "original_price": "$3.79",
      "image_url": "https://digital.loblaws.ca/PCX/21074284_EA/en/1/21074284_en_front_1200.png",
      "valid": true,
      "error": "Missing",
      "page_url": "https://www.nofrills.ca/en/deals/flyer?page=12"
    },
    {
      "store": "nofrills",
      "name": "Smoked Corned Beef",
      "price": null,
      "unit": "175 g, $2.00/100g",
      "original_price": null,
      "image_url": "https://digital.loblaws.ca/PCX/21599952_EA/en/1/21599952_enfr_front_v1_1200.png",
      "valid": false,
      "error": "Missing price",
      "page_url": "https://www.nofrills.ca/en/deals/flyer?page=12"
    },
    {
      "store": "nofrills",
      "name": "Simply Liquid Laundry Detergent, Daybreak Fresh Scent, 70 Loads, All-In-One Detergent",
      "price": "$7.99",
      "unit": "2.72 l, $0.29/100ml",
      "original_price": "$12.99",
      "image_url": "https://digital.loblaws.ca/PCX/21671098_EA/en/1/21671098_enfr_front_1200.png",
      "valid": true,
      "error": "Missing",
      "page_url": "https://www.nofrills.ca/en/deals/flyer?page=12"
    },
    {
      "store": "nofrills",
      "name": "Large Heavy Duty Freezer Bags",
      "price": null,
      "unit": "28 ea, $0.25/1ea",
      "original_price": null,
      "image_url": "https://digital.loblaws.ca/PCX/21160691_EA/en/1/21160691_en_front_1200.png",
      "valid": false,
      "error": "Missing price",
      "page_url": "https://www.nofrills.ca/en/deals/flyer?page=12"
    },
    {
      "store": "nofrills",
      "name": "Original Balkan Style Cherry Yogurt 3.25%",
      "price": "$2.97",
      "unit": "650 g, $0.46/100g",
      "original_price": "$3.50",
      "image_url": "https://digital.loblaws.ca/PCX/20944286_EA/en/1/20944286_enfr_front_v1_1200.png",
      "valid": true,
      "error": "Missing",
      "page_url": "https://www.nofrills.ca/en/deals/flyer?page=12"
    },
    {
      "store": "nofrills",
      "name": "Original",
      "price": "$11.00",
      "unit": "535 g, $2.06/100g",
      "original_price": "$12.49",
      "image_url": "https://digital.loblaws.ca/PCX/20056397_EA/en/1/20056397_en_front_1200.png",
      "valid": true,
      "error": "Missing",
      "page_url": "https://www.nofrills.ca/en/deals/flyer?page=12"
    },
    {
      "store": "nofrills",
      "name": "Chicken Gravy Mix",
      "price": null,
      "unit": "25 g, $5.16/100g",
      "original_price": null,
      "image_url": "https://digital.loblaws.ca/PCX/20302816002_EA/en/1/20302816002_enfr_front_v1_1200.png",
      "valid": false,
      "error": "Missing price",
      "page_url": "https://www.nofrills.ca/en/deals/flyer?page=12"
    },
    {
      "store": "nofrills",
      "name": "Scoop Shop Mint Chocolate Ice Cream",
      "price": "$3.00",
      "unit": "946 ml, $0.32/100ml",
      "original_price": "$5.00",
      "image_url": "https://digital.loblaws.ca/PCX/20299983005_EA/en/1/20299983005_enfr_front_v1_1200.png",
      "valid": true,
      "error": "Missing",
      "page_url": "https://www.nofrills.ca/en/deals/flyer?page=12"
    },
    {
      "store": "nofrills",
      "name": "Chewable Vitamin D 1,000 IU Natural Tangy Orange",
      "price": "$2.50",
      "unit": "100 ea, $0.03/1ea",
      "original_price": null,
      "image_url": "https://digital.loblaws.ca/PCX/20343239001_EA/en/1/20343239001_en_front_1200.png",
      "valid": true,
      "error": "Missing",
      "page_url": "https://www.nofrills.ca/en/deals/flyer?page=12"
    },
    {
      "store": "nofrills",
      "name": "Tasty Chicken Flavour Adult Cat Treats",
      "price": null,
      "unit": "180 g, $1.55/100g",
      "original_price": null,
      "image_url": "https://digital.loblaws.ca/PCX/20298151005_EA/en/1/20298151005_en_front_1200.png",
      "valid": false,
      "error": "Missing price",
      "page_url": "https://www.nofrills.ca/en/deals/flyer?page=12"
    },
    {
      "store": "nofrills",
      "name": "Dinner Kit, Hard Taco",
      "price": "$3.47",
      "unit": "250 g, $1.39/100g",
      "original_price": "$4.00",
      "image_url": "https://digital.loblaws.ca/PCX/20795468_EA/en/1/20795468_en_front_v2_1200.png",
      "valid": true,
      "error": "Missing",
      "page_url": "https://www.nofrills.ca/en/deals/flyer?page=12"
    },
    {
      "store": "nofrills",
      "name": "Scented Air Freshener Fresh Gel",
      "price": "$1.00",
      "unit": "170 g, $0.59/100g",
      "original_price": "$1.25",
      "image_url": "https://digital.loblaws.ca/PCX/21405442_EA/en/1/21405442_en_front_1200.png",
      "valid": true,
      "error": "Missing",
      "page_url": "https://www.nofrills.ca/en/deals/flyer?page=12"
    },
    {
      "store": "nofrills",
      "name": "Salt & Cracked Pepper Chicken Wings",
      "price": "$7.00",
      "unit": "615 g, $1.14/100g",
      "original_price": "$13.99",
      "image_url": "https://digital.loblaws.ca/PCX/21481408_EA/en/1/21481408_en_front_v1_1200.png",
      "valid": true,
      "error": "Missing",
      "page_url": "https://www.nofrills.ca/en/deals/flyer?page=12"
    },
    {
      "store": "nofrills",
      "name": "Perfect Portions Salmon Paté Adult Wet Cat Food",
      "price": null,
      "unit": "1 ea, $1.50/1ea",
      "original_price": null,
      "image_url": "https://digital.loblaws.ca/PCX/20945388_EA/en/1/20945388_en_front_1200.png",
      "valid": false,
      "error": "Missing price",
      "page_url": "https://www.nofrills.ca/en/deals/flyer?page=12"
    },
    {
      "store": "nofrills",
      "name": "Zero",
      "price": "$1.00",
      "unit": "1 l, $0.10/100ml",
      "original_price": "$1.75",
      "image_url": "https://digital.loblaws.ca/PCX/21507641_EA/en/1/21507641_en_front_1200.png",
      "valid": true,
      "error": "Missing",
      "page_url": "https://www.nofrills.ca/en/deals/flyer?page=12"
    },
    {
      "store": "nofrills",
      "name": "DAIRY MILK Almond Chocolate Bar with Almonds",
      "price": null,
      "unit": "90 g, $3.33/100g",
      "original_price": "$3.29",
      "image_url": "https://digital.loblaws.ca/PCX/21648487_EA/en/1/21648487_enfr_front_1200.png",
      "valid": false,
      "error": "Missing price",
      "page_url": "https://www.nofrills.ca/en/deals/flyer?page=12"
    },
    {
      "store": "nofrills",
      "name": "Raspberry Vinaigrette Salad Dressing",
      "price": null,
      "unit": "425 ml, $0.71/100ml",
      "original_price": null,
      "image_url": "https://digital.loblaws.ca/PCX/21584689_EA/en/1/21584689_enfr_front_v1_1200.png",
      "valid": false,
      "error": "Missing price",
      "page_url": "https://www.nofrills.ca/en/deals/flyer?page=12"
    },
    {
      "store": "nofrills",
      "name": "Disinfecting Wipes, Citrus",
      "price": null,
      "unit": "75 ea, $0.08/1ea",
      "original_price": null,
      "image_url": "https://digital.loblaws.ca/PCX/21449826_EA/en/1/21449826_enfr_front_v1_1200.png",
      "valid": false,
      "error": "Missing price",
      "page_url": "https://www.nofrills.ca/en/deals/flyer?page=12"
    },
    {
      "store": "nofrills",
      "name": "Seafood Medley Flavour Adult Cat Treats",
      "price": null,
      "unit": "180 g, $1.55/100g",
      "original_price": null,
      "image_url": "https://digital.loblaws.ca/PCX/20298151001_EA/en/1/20298151001_enfr_front_v1_1200.png",
      "valid": false,
      "error": "Missing price",
      "page_url": "https://www.nofrills.ca/en/deals/flyer?page=13"
    },
    {
      "store": "nofrills",
      "name": "Fruit Punch Liquid Water Enhancer",
      "price": "$3.00",
      "unit": "48 ml, $6.25/100ml",
      "original_price": "$3.25",
      "image_url": "https://digital.loblaws.ca/PCX/20565119001_EA/en/1/20565119001_en_front_v1_1200.png",
      "valid": true,
      "error": "Missing",
      "page_url": "https://www.nofrills.ca/en/deals/flyer?page=13"
    },
    {
      "store": "nofrills",
      "name": "Wild Pacific Pink Salmon",
      "price": "$2.50",
      "unit": "213 g, $1.17/100g",
      "original_price": "$4.50",
      "image_url": "https://digital.loblaws.ca/PCX/21186867_EA/en/1/6381606330_en_front_centre_marketing_GS1_Ecommerce_1200.png",
      "valid": true,
      "error": "Missing",
      "page_url": "https://www.nofrills.ca/en/deals/flyer?page=13"
    },
    {
      "store": "nofrills",
      "name": "Soda",
      "price": "$12.99",
      "unit": "24x355.0 ml, $0.15/100ml",
      "original_price": "$13.99",
      "image_url": "https://digital.loblaws.ca/PCX/20324722001_C24/en/1/20324722001_en_front_v1_1200.png",
      "valid": true,
      "error": "Missing",
      "page_url": "https://www.nofrills.ca/en/deals/flyer?page=13"
    },
    {
      "store": "nofrills",
      "name": "OREO Double Stuf Golden Sandwich Cookies",
      "price": null,
      "unit": "261 g, $0.96/100g",
      "original_price": null,
      "image_url": "https://digital.loblaws.ca/PCX/21358408_EA/en/1/21358408_enfr_front_1200.png",
      "valid": false,
      "error": "Missing price",
      "page_url": "https://www.nofrills.ca/en/deals/flyer?page=13"
    },
    {
      "store": "nofrills",
      "name": "TRISCUIT Smoked Gouda Crackers",
      "price": null,
      "unit": "200 g, $1.25/100g",
      "original_price": null,
      "image_url": "https://digital.loblaws.ca/PCX/21032769_EA/en/1/21032769_en_front_v1_1200.png",
      "valid": false,
      "error": "Missing price",
      "page_url": "https://www.nofrills.ca/en/deals/flyer?page=13"
    },
    {
      "store": "nofrills",
      "name": "Sundried Tomato & Oregano Salad Dressing",
      "price": null,
      "unit": "425 ml, $0.71/100ml",
      "original_price": null,
      "image_url": "https://digital.loblaws.ca/PCX/21584596_EA/en/1/21584596_enfr_front_v1_1200.png",
      "valid": false,
      "error": "Missing price",
      "page_url": "https://www.nofrills.ca/en/deals/flyer?page=13"
    },
    {
      "store": "nofrills",
      "name": "Plastic Wrap 60m",
      "price": null,
      "unit": "1 ea, $3.99/1ea",
      "original_price": null,
      "image_url": "https://digital.loblaws.ca/PCX/21120002_EA/en/1/21120002_en_front_v1_1200.png",
      "valid": false,
      "error": "Missing price",
      "page_url": "https://www.nofrills.ca/en/deals/flyer?page=13"
    },
    {
      "store": "nofrills",
      "name": "Tilapia Fillets",
      "price": null,
      "unit": "400 g, $1.75/100g",
      "original_price": null,
      "image_url": "https://digital.loblaws.ca/PCX/20111565_EA/en/1/20111565_en_front_1200.png",
      "valid": false,
      "error": "Missing price",
      "page_url": "https://www.nofrills.ca/en/deals/flyer?page=13"
    },
    {
      "store": "nofrills",
      "name": "Butter Chicken Cooking Sauce",
      "price": "$3.99",
      "unit": "400 ml, $1.00/100ml",
      "original_price": "$4.99",
      "image_url": "https://digital.loblaws.ca/PCX/20217180002_EA/en/1/20217180002_en_front_1200.png",
      "valid": true,
      "error": "Missing",
      "page_url": "https://www.nofrills.ca/en/deals/flyer?page=13"
    },
    {
      "store": "nofrills",
      "name": "Frozen Yogurt Cookies & Cream",
      "price": "$6.00",
      "unit": "2 l, $0.30/100ml",
      "original_price": "$7.50",
      "image_url": "https://digital.loblaws.ca/PCX/21082109_EA/en/1/21082109_en_front_v2_1200.png",
      "valid": true,
      "error": "Missing",
      "page_url": "https://www.nofrills.ca/en/deals/flyer?page=13"
    },
    {
      "store": "nofrills",
      "name": "Light Cocktail Bocconcini Cheese",
      "price": "$5.00",
      "unit": "200 g, $2.50/100g",
      "original_price": "$5.50",
      "image_url": "https://digital.loblaws.ca/PCX/20708942_EA/en/1/20708942_en_front_v1_1200.png",
      "valid": true,
      "error": "Missing",
      "page_url": "https://www.nofrills.ca/en/deals/flyer?page=13"
    },
    {
      "store": "nofrills",
      "name": "7-Vegetable Primavera Pasta Sauce",
      "price": null,
      "unit": "650 ml, $0.54/100ml",
      "original_price": null,
      "image_url": "https://digital.loblaws.ca/PCX/20131344001_EA/en/1/20131344001_en_front_1200.png",
      "valid": false,
      "error": "Missing price",
      "page_url": "https://www.nofrills.ca/en/deals/flyer?page=13"
    },
    {
      "store": "nofrills",
      "name": "Mortadella, Light",
      "price": "$3.00",
      "unit": "175 g, $17.14/1kg $1.71/100g",
      "original_price": "$4.50",
      "image_url": "https://digital.loblaws.ca/PCX/20577183_EA/en/1/20577183_en_front_1200.png",
      "valid": true,
      "error": "Missing",
      "page_url": "https://www.nofrills.ca/en/deals/flyer?page=13"
    },
    {
      "store": "nofrills",
      "name": "Whipped Frosting, Cream Cheese, Gluten Free",
      "price": null,
      "unit": "340 g, $0.67/100g",
      "original_price": null,
      "image_url": "https://digital.loblaws.ca/PCX/20562641007_EA/en/1/20562641007_en_front_v1_1200.png",
      "valid": false,
      "error": "Missing price",
      "page_url": "https://www.nofrills.ca/en/deals/flyer?page=13"
    },
    {
      "store": "nofrills",
      "name": "Dry Soup Mix Chicken Noodle",
      "price": "$2.25",
      "unit": "2x166.0 g, $1.36/100g",
      "original_price": "$2.50",
      "image_url": "https://digital.loblaws.ca/PCX/20308188001_EA/en/1/20308188001_en_front_1200.png",
      "valid": true,
      "error": "Missing",
      "page_url": "https://www.nofrills.ca/en/deals/flyer?page=13"
    },
    {
      "store": "nofrills",
      "name": "Canadian Collection Vanilla & Milk Chocolate Frozen Yogurt Bar",
      "price": null,
      "unit": "8x55.0 ml, $0.91/100ml",
      "original_price": null,
      "image_url": "https://digital.loblaws.ca/PCX/20343139002_EA/en/7/20343139002_enfr_closed_v1_1200.png",
      "valid": false,
      "error": "Missing price",
      "page_url": "https://www.nofrills.ca/en/deals/flyer?page=13"
    },
    {
      "store": "nofrills",
      "name": "Hydrate Berry Burst Electrolyte Drink Mix",
      "price": "$3.00",
      "unit": "48 ml, $6.25/100ml",
      "original_price": "$3.25",
      "image_url": "https://digital.loblaws.ca/PCX/20662690_EA/en/1/20662690_enfr_front_1200.png",
      "valid": true,
      "error": "Missing",
      "page_url": "https://www.nofrills.ca/en/deals/flyer?page=13"
    },
    {
      "store": "nofrills",
      "name": "2% Protein Milk Beverage",
      "price": null,
      "unit": "1.89 l, $0.29/100ml",
      "original_price": null,
      "image_url": "https://digital.loblaws.ca/PCX/21554369_EA/en/1/21554369_en_front_1200.png",
      "valid": false,
      "error": "Missing price",
      "page_url": "https://www.nofrills.ca/en/deals/flyer?page=13"
    },
    {
      "store": "nofrills",
      "name": "Lolly Chocolate",
      "price": "$4.00",
      "unit": "28x50.0 ml, $0.29/100ml",
      "original_price": "$6.00",
      "image_url": "https://digital.loblaws.ca/PCX/21161187_EA/en/1/6294200491_en_front_centre_marketing_A_1_GS1_Ecommerce_v1_1200.png",
      "valid": true,
      "error": "Missing",
      "page_url": "https://www.nofrills.ca/en/deals/flyer?page=13"
    },
    {
      "store": "nofrills",
      "name": "Creamy Deluxe Frosting, Chocolate",
      "price": null,
      "unit": "450 g, $0.51/100g",
      "original_price": null,
      "image_url": "https://digital.loblaws.ca/PCX/20562641002_EA/en/1/20562641002_en_front_v1_1200.png",
      "valid": false,
      "error": "Missing price",
      "page_url": "https://www.nofrills.ca/en/deals/flyer?page=13"
    },
    {
      "store": "nofrills",
      "name": "Total Advanced Whitening Gel Toothpaste",
      "price": "$2.50",
      "unit": "70 ml, $4.29/100ml",
      "original_price": null,
      "image_url": "https://digital.loblaws.ca/PCX/21166236_EA/en/1/5800014207_en_front_centre_marketing_1_GS1_Ecommerce_v1_1200.png",
      "valid": true,
      "error": "Missing",
      "page_url": "https://www.nofrills.ca/en/deals/flyer?page=13"
    },
    {
      "store": "nofrills",
      "name": "Jammers, Grape",
      "price": "$3.00",
      "unit": "10x180.0 ml, $0.17/100ml",
      "original_price": "$4.00",
      "image_url": "https://digital.loblaws.ca/PCX/20079976003_EA/en/1/20079976003_en_front_1200.png",
      "valid": true,
      "error": "Missing",
      "page_url": "https://www.nofrills.ca/en/deals/flyer?page=13"
    },
    {
      "store": "nofrills",
      "name": "Naturally Imperfect Pineapple, Strawberries & Mango Fruit Blend",
      "price": null,
      "unit": "400 g, $0.75/100g",
      "original_price": null,
      "image_url": "https://digital.loblaws.ca/PCX/21545099_EA/en/1/21545099_en_front_1200.png",
      "valid": false,
      "error": "Missing price",
      "page_url": "https://www.nofrills.ca/en/deals/flyer?page=13"
    },
    {
      "store": "nofrills",
      "name": "Triscuit Roasted Garlic Crackers",
      "price": null,
      "unit": "200 g, $1.25/100g",
      "original_price": null,
      "image_url": "https://digital.loblaws.ca/PCX/21031061_EA/en/1/21031061_en_front_v1_1200.png",
      "valid": false,
      "error": "Missing price",
      "page_url": "https://www.nofrills.ca/en/deals/flyer?page=13"
    },
    {
      "store": "nofrills",
      "name": "Lemon Ginger Herbal Tea",
      "price": null,
      "unit": "20 ea, $0.15/1ea",
      "original_price": null,
      "image_url": "https://digital.loblaws.ca/PCX/21105270_EA/en/1/21105270_en_front_v1_1200.png",
      "valid": false,
      "error": "Missing price",
      "page_url": "https://www.nofrills.ca/en/deals/flyer?page=13"
    },
    {
      "store": "nofrills",
      "name": "Rainbow Tortellini, Cheese, Twin Pack",
      "price": "$5.00",
      "unit": "500 g, $1.00/100g",
      "original_price": "$5.99",
      "image_url": "https://digital.loblaws.ca/PCX/20321512_EA/en/1/20321512_enfr_front_v1_1200.png",
      "valid": true,
      "error": "Missing",
      "page_url": "https://www.nofrills.ca/en/deals/flyer?page=13"
    },
    {
      "store": "nofrills",
      "name": "Mega Can Sour Cream & Onion Flavour",
      "price": "$3.00",
      "unit": "202 g, $1.48/100g",
      "original_price": "$3.79",
      "image_url": "https://digital.loblaws.ca/PCX/21074322_EA/en/1/21074322_en_front_1200.png",
      "valid": true,
      "error": "Missing",
      "page_url": "https://www.nofrills.ca/en/deals/flyer?page=13"
    },
    {
      "store": "nofrills",
      "name": "Super Moist Cake Mix Lemon",
      "price": null,
      "unit": "375 g, $0.61/100g",
      "original_price": null,
      "image_url": "https://digital.loblaws.ca/PCX/21547841_EA/en/1/21547841_en_front_1200.png",
      "valid": false,
      "error": "Missing price",
      "page_url": "https://www.nofrills.ca/en/deals/flyer?page=13"
    },
    {
      "store": "nofrills",
      "name": "OREO, Maple Creme Sandwich Cookie, Made with Real Quebec Maple Syrup",
      "price": null,
      "unit": "261 g, $0.96/100g",
      "original_price": null,
      "image_url": "https://digital.loblaws.ca/PCX/21573672_EA/en/1/21573672_enfr_front_1200.png",
      "valid": false,
      "error": "Missing price",
      "page_url": "https://www.nofrills.ca/en/deals/flyer?page=13"
    },
    {
      "store": "nofrills",
      "name": "Raisin Bran Cereal",
      "price": null,
      "unit": "375 g, $1.47/100g",
      "original_price": null,
      "image_url": "https://digital.loblaws.ca/PCX/21652093_EA/en/1/5972410140_en_front_centre_marketing_1_GS1_Ecommerce_1200.png",
      "valid": false,
      "error": "Missing price",
      "page_url": "https://www.nofrills.ca/en/deals/flyer?page=13"
    },
    {
      "store": "nofrills",
      "name": "Fried Chicken",
      "price": null,
      "unit": "360 g, $1.25/100g",
      "original_price": null,
      "image_url": "https://digital.loblaws.ca/PCX/20296014004_EA/en/1/20296014004_en_front_1200.png",
      "valid": false,
      "error": "Missing price",
      "page_url": "https://www.nofrills.ca/en/deals/flyer?page=13"
    },
    {
      "store": "nofrills",
      "name": "French Toaster Sticks Cinnamon",
      "price": "$3.00",
      "unit": "270 g, $1.11/100g",
      "original_price": "$4.25",
      "image_url": "https://digital.loblaws.ca/PCX/21395915_EA/en/1/6410013771_en_front_centre_marketing_GS1_Ecommerce_1200.png",
      "valid": true,
      "error": "Missing",
      "page_url": "https://www.nofrills.ca/en/deals/flyer?page=13"
    },
    {
      "store": "nofrills",
      "name": "Whole Kernel Corn Niblets",
      "price": "$3.00",
      "unit": "750 g, $0.40/100g",
      "original_price": "$3.50",
      "image_url": "https://digital.loblaws.ca/PCX/21022299_EA/en/1/19056942321_enfr_front_centre_marketing_1_GS1_Ecommerce_1200.png",
      "valid": true,
      "error": "Missing",
      "page_url": "https://www.nofrills.ca/en/deals/flyer?page=13"
    },
    {
      "store": "nofrills",
      "name": "Soup Mix Onion",
      "price": "$2.25",
      "unit": "56 g, $4.02/100g",
      "original_price": "$2.50",
      "image_url": "https://digital.loblaws.ca/PCX/20308188007_EA/en/1/20308188007_en_front_1200.png",
      "valid": true,
      "error": "Missing",
      "page_url": "https://www.nofrills.ca/en/deals/flyer?page=13"
    },
    {
      "store": "nofrills",
      "name": "Crumbled Feta Cheese",
      "price": "$5.00",
      "unit": "170 g, $2.94/100g",
      "original_price": "$7.49",
      "image_url": "https://digital.loblaws.ca/PCX/20774519_EA/en/1/20774519_en_front_1200.png",
      "valid": true,
      "error": "Missing",
      "page_url": "https://www.nofrills.ca/en/deals/flyer?page=13"
    },
    {
      "store": "nofrills",
      "name": "Grape Liquid Drink Mix",
      "price": "$3.00",
      "unit": "48 ml, $6.25/100ml",
      "original_price": "$3.25",
      "image_url": "https://digital.loblaws.ca/PCX/20749494001_EA/en/1/20749494001_enfr_front_v1_1200.png",
      "valid": true,
      "error": "Missing",
      "page_url": "https://www.nofrills.ca/en/deals/flyer?page=13"
    },
    {
      "store": "nofrills",
      "name": "Sauce, Passata Cucina Fresca",
      "price": "$2.25",
      "unit": "680 ml, $0.33/100ml",
      "original_price": "$2.99",
      "image_url": "https://digital.loblaws.ca/PCX/20416260_EA/en/1/20416260_en_front_1200.png",
      "valid": true,
      "error": "Missing",
      "page_url": "https://www.nofrills.ca/en/deals/flyer?page=13"
    },
    {
      "store": "nofrills",
      "name": "Bocconcini Cheese",
      "price": "$5.00",
      "unit": "200 g, $2.50/100g",
      "original_price": "$6.99",
      "image_url": "https://digital.loblaws.ca/PCX/21051214_EA/en/1/21051214_enfr_front_v1_1200.png",
      "valid": true,
      "error": "Missing",
      "page_url": "https://www.nofrills.ca/en/deals/flyer?page=13"
    },
    {
      "store": "nofrills",
      "name": "Friskies Chef's Blend Assorted Flavours, Dry Cat Food",
      "price": "$5.50",
      "unit": "1.5 kg, $0.37/100g",
      "original_price": "$6.29",
      "image_url": "https://digital.loblaws.ca/PCX/20142252001_EA/en/1/20142252001_en_front_v1_1200.png",
      "valid": true,
      "error": "Missing",
      "page_url": "https://www.nofrills.ca/en/deals/flyer?page=13"
    },
    {
      "store": "nofrills",
      "name": "Spaghetti",
      "price": "$2.25",
      "unit": "454 g, $0.50/100g",
      "original_price": "$2.99",
      "image_url": "https://digital.loblaws.ca/PCX/21056286_EA/en/1/2409400036_enfr_front_centre_marketing_GS1_Ecommerce_1200.png",
      "valid": true,
      "error": "Missing",
      "page_url": "https://www.nofrills.ca/en/deals/flyer?page=13"
    },
    {
      "store": "nofrills",
      "name": "Original Margarine",
      "price": "$5.00",
      "unit": "907 g, $0.55/100g",
      "original_price": "$5.79",
      "image_url": "https://digital.loblaws.ca/PCX/20604565_EA/en/1/20604565_enfr_front_v1_1200.png",
      "valid": true,
      "error": "Missing",
      "page_url": "https://www.nofrills.ca/en/deals/flyer?page=13"
    },
    {
      "store": "nofrills",
      "name": "Texas BBQ Chicken Wings",
      "price": "$7.00",
      "unit": "615 g, $1.14/100g",
      "original_price": "$13.99",
      "image_url": "https://digital.loblaws.ca/PCX/21372123_EA/en/1/21372123_en_front_v1_1200.png",
      "valid": true,
      "error": "Missing",
      "page_url": "https://www.nofrills.ca/en/deals/flyer?page=13"
    },
    {
      "store": "nofrills",
      "name": "Medium cheddar natural cheese sticks, 12 units",
      "price": "$6.00",
      "unit": "252 g, $2.38/100g",
      "original_price": "$6.79",
      "image_url": "https://digital.loblaws.ca/PCX/20986479_EA/en/1/20986479_enfr_front_v2_1200.png",
      "valid": true,
      "error": "Missing",
      "page_url": "https://www.nofrills.ca/en/deals/flyer?page=13"
    },
    {
      "store": "nofrills",
      "name": "Onion Dip",
      "price": null,
      "unit": "340 g, $1.46/100g",
      "original_price": null,
      "image_url": "https://digital.loblaws.ca/PCX/20866839001_EA/en/1/20866839001_enfr_front_v2_1200.png",
      "valid": false,
      "error": "Missing price",
      "page_url": "https://www.nofrills.ca/en/deals/flyer?page=13"
    },
    {
      "store": "nofrills",
      "name": "Perfect Portions Chicken Paté Adult Wet Cat Food",
      "price": null,
      "unit": "1 ea, $1.50/1ea",
      "original_price": null,
      "image_url": "https://digital.loblaws.ca/PCX/20945097_EA/en/1/20945097_en_front_1200.png",
      "valid": false,
      "error": "Missing price",
      "page_url": "https://www.nofrills.ca/en/deals/flyer?page=13"
    },
    {
      "store": "nofrills",
      "name": "Total Whitening Gel Toothpaste",
      "price": "$2.50",
      "unit": "120 ml, $2.50/100ml",
      "original_price": null,
      "image_url": "https://digital.loblaws.ca/PCX/21166613_EA/en/1/21166613_en_front_1200.png",
      "valid": true,
      "error": "Missing",
      "page_url": "https://www.nofrills.ca/en/deals/flyer?page=13"
    },
    {
      "store": "nofrills",
      "name": "Mediterranean Crunch Chopped Salad Kit",
      "price": null,
      "unit": "0.312 kg, $1.60/100g",
      "original_price": null,
      "image_url": "https://digital.loblaws.ca/PCX/21543042_EA/en/1/21543042_enfr_front_v1_1200.png",
      "valid": false,
      "error": "Missing price",
      "page_url": "https://www.nofrills.ca/en/deals/flyer?page=13"
    },
    {
      "store": "nofrills",
      "name": "Cranberry Goat Cheese",
      "price": null,
      "unit": "140 g, $3.57/100g",
      "original_price": null,
      "image_url": "https://digital.loblaws.ca/PCX/21197504_EA/en/1/21197504_en_front_1200.png",
      "valid": false,
      "error": "Missing price",
      "page_url": "https://www.nofrills.ca/en/deals/flyer?page=14"
    },
    {
      "store": "nofrills",
      "name": "Hardwood Smoked Turkey Breast Snack Kit",
      "price": null,
      "unit": "75 g, $4.00/100g",
      "original_price": null,
      "image_url": "https://digital.loblaws.ca/PCX/21120887_EA/en/1/21120887_enfr_front_v1_1200.png",
      "valid": false,
      "error": "Missing price",
      "page_url": "https://www.nofrills.ca/en/deals/flyer?page=14"
    },
    {
      "store": "nofrills",
      "name": "Carbonated Water, Lime",
      "price": "$6.50",
      "unit": "10x355.0 ml, $0.18/100ml",
      "original_price": "$6.99",
      "image_url": "https://digital.loblaws.ca/PCX/21096704_C10/en/1/21096704_en_front_1200.png",
      "valid": true,
      "error": "Missing",
      "page_url": "https://www.nofrills.ca/en/deals/flyer?page=14"
    },
    {
      "store": "nofrills",
      "name": "Lunchbox Granola Bars, S'mores, Kids Snacks, 5 ct",
      "price": null,
      "unit": "130 g, $2.31/100g",
      "original_price": null,
      "image_url": "https://digital.loblaws.ca/PCX/21165491_EA/en/1/21165491_en_front_1200.png",
      "valid": false,
      "error": "Missing price",
      "page_url": "https://www.nofrills.ca/en/deals/flyer?page=14"
    },
    {
      "store": "nofrills",
      "name": "8-Vegetable Cocktail",
      "price": "$3.00",
      "unit": "1.89 l, $0.16/100ml",
      "original_price": "$3.50",
      "image_url": "https://digital.loblaws.ca/PCX/20506849005_EA/en/8/6038378140_en_front_noPlunge_ecomm_GS1_Ecommerce_1200.png",
      "valid": true,
      "error": "Missing",
      "page_url": "https://www.nofrills.ca/en/deals/flyer?page=14"
    },
    {
      "store": "nofrills",
      "name": "Eggo's Pancake, Buttermilk",
      "price": "$3.00",
      "unit": "280 g, $1.07/100g",
      "original_price": "$4.25",
      "image_url": "https://digital.loblaws.ca/PCX/21512740_EA/en/1/21512740_enfr_front_1200.png",
      "valid": true,
      "error": "Missing",
      "page_url": "https://www.nofrills.ca/en/deals/flyer?page=14"
    },
    {
      "store": "nofrills",
      "name": "Hot Dogs Lunch Kit",
      "price": null,
      "unit": "105 g, $2.86/100g",
      "original_price": null,
      "image_url": "https://digital.loblaws.ca/PCX/20165736_EA/en/1/20165736_enfr_front_v1_1200.png",
      "valid": false,
      "error": "Missing price",
      "page_url": "https://www.nofrills.ca/en/deals/flyer?page=14"
    },
    {
      "store": "nofrills",
      "name": "Cranberry Cocktail",
      "price": "$3.00",
      "unit": "1.89 l, $0.16/100ml",
      "original_price": "$4.00",
      "image_url": "https://digital.loblaws.ca/PCX/20307025001_EA/en/1/20307025001_enfr_front_1200.png",
      "valid": true,
      "error": "Missing",
      "page_url": "https://www.nofrills.ca/en/deals/flyer?page=14"
    },
    {
      "store": "nofrills",
      "name": "Jammers, Cherry",
      "price": "$3.00",
      "unit": "10x180.0 ml, $0.17/100ml",
      "original_price": "$4.00",
      "image_url": "https://digital.loblaws.ca/PCX/20079976002_EA/en/1/20079976002_enfr_front_1200.png",
      "valid": true,
      "error": "Missing",
      "page_url": "https://www.nofrills.ca/en/deals/flyer?page=14"
    },
    {
      "store": "nofrills",
      "name": "Soy Milk Alternative, Vanilla Flavour, Dairy-Free",
      "price": "$3.75",
      "unit": "1.89 l, $0.20/100ml",
      "original_price": "$4.00",
      "image_url": "https://digital.loblaws.ca/PCX/20124384002_EA/en/1/20124384002_en_front_1200.png",
      "valid": true,
      "error": "Missing",
      "page_url": "https://www.nofrills.ca/en/deals/flyer?page=14"
    },
    {
      "store": "nofrills",
      "name": "3.25% Lactose Free Milk",
      "price": null,
      "unit": "2 l, $0.28/100ml",
      "original_price": null,
      "image_url": "https://digital.loblaws.ca/PCX/20909875_EA/en/1/20909875_en_front_1200.png",
      "valid": false,
      "error": "Missing price",
      "page_url": "https://www.nofrills.ca/en/deals/flyer?page=14"
    },
    {
      "store": "nofrills",
      "name": "Chewy Trail Mix Granola Bars, Mixed Berry",
      "price": null,
      "unit": "175 g, $1.71/100g",
      "original_price": null,
      "image_url": "https://digital.loblaws.ca/PCX/20315520012_EA/en/1/20315520012_en_front_v2_1200.png",
      "valid": false,
      "error": "Missing price",
      "page_url": "https://www.nofrills.ca/en/deals/flyer?page=14"
    },
    {
      "store": "nofrills",
      "name": "Ultimate Chicken Wiener, Spicy",
      "price": "$5.00",
      "unit": "900 g, $0.56/100g",
      "original_price": "$6.99",
      "image_url": "https://digital.loblaws.ca/PCX/21023278_EA/en/1/21023278_en_front_1200.png",
      "valid": true,
      "error": "Missing",
      "page_url": "https://www.nofrills.ca/en/deals/flyer?page=14"
    },
    {
      "store": "nofrills",
      "name": "All Bran All-Bran Cereal Flakes",
      "price": null,
      "unit": "405 g, $1.36/100g",
      "original_price": null,
      "image_url": "https://digital.loblaws.ca/PCX/21653774_EA/en/1/5972410144_en_front_centre_marketing_1_GS1_Ecommerce_1200.png",
      "valid": false,
      "error": "Missing price",
      "page_url": "https://www.nofrills.ca/en/deals/flyer?page=14"
    },
    {
      "store": "nofrills",
      "name": "FlavourCrisp Sweet Potato Fries",
      "price": "$3.00",
      "unit": "454 g, $0.66/100g",
      "original_price": "$3.50",
      "image_url": "https://digital.loblaws.ca/PCX/20827763_EA/en/1/20827763_enfr_front_v1_1200.png",
      "valid": true,
      "error": "Missing",
      "page_url": "https://www.nofrills.ca/en/deals/flyer?page=14"
    },
    {
      "store": "nofrills",
      "name": "Valley Selections Stir Fry Medley",
      "price": "$3.00",
      "unit": "400 g, $0.75/100g",
      "original_price": "$3.50",
      "image_url": "https://digital.loblaws.ca/PCX/21022981_EA/en/1/19056981081_enfr_front_centre_marketing_1_GS1_Ecommerce_1200.png",
      "valid": true,
      "error": "Missing",
      "page_url": "https://www.nofrills.ca/en/deals/flyer?page=14"
    },
    {
      "store": "nofrills",
      "name": "Premium Dark Chocolate Bar, Dark Chocolate",
      "price": null,
      "unit": "90 g, $3.33/100g",
      "original_price": "$3.29",
      "image_url": "https://digital.loblaws.ca/PCX/21648662_EA/en/1/21648662_enfr_front_1200.png",
      "valid": false,
      "error": "Missing price",
      "page_url": "https://www.nofrills.ca/en/deals/flyer?page=14"
    },
    {
      "store": "nofrills",
      "name": "Canadian Collection Fudge Brownie & Milk Chocolate Ice Cream Bar",
      "price": null,
      "unit": "8x55.0 ml, $0.91/100ml",
      "original_price": null,
      "image_url": "https://digital.loblaws.ca/PCX/20853030001_EA/en/7/20853030001_enfr_closed_v1_1200.png",
      "valid": false,
      "error": "Missing price",
      "page_url": "https://www.nofrills.ca/en/deals/flyer?page=14"
    },
    {
      "store": "nofrills",
      "name": "Strawberry Bubly",
      "price": null,
      "unit": "12x355.0 ml, $0.15/100ml",
      "original_price": null,
      "image_url": "https://digital.loblaws.ca/PCX/21097174_C12/en/1/21097174_en_front_1200.png",
      "valid": false,
      "error": "Missing price",
      "page_url": "https://www.nofrills.ca/en/deals/flyer?page=14"
    },
    {
      "store": "nofrills",
      "name": "Scented Air Freshener Lavender Gel",
      "price": "$1.00",
      "unit": "170 g, $0.59/100g",
      "original_price": "$1.25",
      "image_url": "https://digital.loblaws.ca/PCX/21405448_EA/en/1/21405448_en_front_1200.png",
      "valid": true,
      "error": "Missing",
      "page_url": "https://www.nofrills.ca/en/deals/flyer?page=14"
    },
    {
      "store": "nofrills",
      "name": "Extra Light Taste Olive Oil",
      "price": "$10.99",
      "unit": "1 l, $1.10/100ml",
      "original_price": "$17.99",
      "image_url": "https://digital.loblaws.ca/PCX/20000207001_EA/en/1/4179000430_enfr_front_centre_marketing_A_1_GS1_Ecommerce_v1_1200.png",
      "valid": true,
      "error": "Missing",
      "page_url": "https://www.nofrills.ca/en/deals/flyer?page=14"
    },
    {
      "store": "nofrills",
      "name": "Fruitsations Fruit Flavoured Snacks, Berry, Gluten Free, 10 ct",
      "price": null,
      "unit": "226 g, $1.33/100g",
      "original_price": null,
      "image_url": "https://digital.loblaws.ca/PCX/20686716002_EA/en/1/20686716002_en_front_v1_1200.png",
      "valid": false,
      "error": "Missing price",
      "page_url": "https://www.nofrills.ca/en/deals/flyer?page=14"
    },
    {
      "store": "nofrills",
      "name": "Carbonated Water, Lemon",
      "price": "$6.50",
      "unit": "10x355.0 ml, $0.18/100ml",
      "original_price": "$6.99",
      "image_url": "https://digital.loblaws.ca/PCX/21096709_C10/en/1/21096709_en_front_1200.png",
      "valid": true,
      "error": "Missing",
      "page_url": "https://www.nofrills.ca/en/deals/flyer?page=14"
    },
    {
      "store": "nofrills",
      "name": "Peppercorn Ranch Salad Dressing",
      "price": null,
      "unit": "425 ml, $0.71/100ml",
      "original_price": null,
      "image_url": "https://digital.loblaws.ca/PCX/21584132_EA/en/1/21584132_enfr_front_v2_1200.png",
      "valid": false,
      "error": "Missing price",
      "page_url": "https://www.nofrills.ca/en/deals/flyer?page=14"
    },
    {
      "store": "nofrills",
      "name": "Tiger Towel Recyclable Paper Packaging, 2 Equal 6 Paper Towel Rolls, 147 Sheets per Roll",
      "price": "$6.99",
      "unit": "2x2.0 ea, $3.50/1ea",
      "original_price": "$10.00",
      "image_url": "https://digital.loblaws.ca/PCX/21484741_EA/en/1/21484741_enfr_front_1200.png",
      "valid": true,
      "error": "Missing",
      "page_url": "https://www.nofrills.ca/en/deals/flyer?page=14"
    },
    {
      "store": "nofrills",
      "name": "Brown, Gluten-Free Gravy Mix",
      "price": null,
      "unit": "25 g, $5.16/100g",
      "original_price": null,
      "image_url": "https://digital.loblaws.ca/PCX/20695762002_EA/en/1/20695762002_enfr_front_1200.png",
      "valid": false,
      "error": "Missing price",
      "page_url": "https://www.nofrills.ca/en/deals/flyer?page=14"
    },
    {
      "store": "nofrills",
      "name": "Bunny Pasta With Yummy Cheese Macaroni & cheese",
      "price": "$2.00",
      "unit": "170 g, $1.18/100g",
      "original_price": "$2.50",
      "image_url": "https://digital.loblaws.ca/PCX/20316187002_EA/en/1/20316187002_en_front_1200.png",
      "valid": true,
      "error": "Missing",
      "page_url": "https://www.nofrills.ca/en/deals/flyer?page=14"
    },
    {
      "store": "nofrills",
      "name": "Herbed Goat's Milk Cheese",
      "price": null,
      "unit": "140 g, $3.57/100g",
      "original_price": null,
      "image_url": "https://digital.loblaws.ca/PCX/20296631_EA/en/1/6038313278_enfr_front_centre_marketing_GS1_Ecommerce_1200.png",
      "valid": false,
      "error": "Missing price",
      "page_url": "https://www.nofrills.ca/en/deals/flyer?page=14"
    },
    {
      "store": "nofrills",
      "name": "Tre Formaggi Shredded Cheese Blend",
      "price": null,
      "unit": "320 g, $1.97/100g",
      "original_price": null,
      "image_url": "https://digital.loblaws.ca/PCX/21060211_EA/en/1/21060211_en_front_1200.png",
      "valid": false,
      "error": "Missing price",
      "page_url": "https://www.nofrills.ca/en/deals/flyer?page=14"
    },
    {
      "store": "nofrills",
      "name": "All-Day Breakfast Mini Quick Cook Patties",
      "price": "$3.00",
      "unit": "625 g, $0.48/100g",
      "original_price": "$3.50",
      "image_url": "https://digital.loblaws.ca/PCX/21479273_EA/en/1/21479273_enfr_front_v1_1200.png",
      "valid": true,
      "error": "Missing",
      "page_url": "https://www.nofrills.ca/en/deals/flyer?page=14"
    },
    {
      "store": "nofrills",
      "name": "Chewy Trail Mix Granola Bars, Dark Chocolate, 5 ct",
      "price": null,
      "unit": "175 g, $1.71/100g",
      "original_price": null,
      "image_url": "https://digital.loblaws.ca/PCX/20315520006_EA/en/1/20315520006_en_front_v2_1200.png",
      "valid": false,
      "error": "Missing price",
      "page_url": "https://www.nofrills.ca/en/deals/flyer?page=14"
    },
    {
      "store": "nofrills",
      "name": "Super Moist Cake Mix Golden",
      "price": null,
      "unit": "375 g, $0.61/100g",
      "original_price": null,
      "image_url": "https://digital.loblaws.ca/PCX/21547845_EA/en/1/21547845_en_front_1200.png",
      "valid": false,
      "error": "Missing price",
      "page_url": "https://www.nofrills.ca/en/deals/flyer?page=14"
    },
    {
      "store": "nofrills",
      "name": "Fruit By The Foot Starburst",
      "price": null,
      "unit": "128 g, $2.34/100g",
      "original_price": null,
      "image_url": "https://digital.loblaws.ca/PCX/21344013_EA/en/1/21344013_en_front_v1_1200.png",
      "valid": false,
      "error": "Missing price",
      "page_url": "https://www.nofrills.ca/en/deals/flyer?page=14"
    },
    {
      "store": "nofrills",
      "name": "Valley Selections Japanese Mix",
      "price": "$3.00",
      "unit": "500 g, $0.60/100g",
      "original_price": "$3.50",
      "image_url": "https://digital.loblaws.ca/PCX/21022093_EA/en/1/19056914174_enfr_front_centre_marketing_GS1_Ecommerce_1200.png",
      "valid": true,
      "error": "Missing",
      "page_url": "https://www.nofrills.ca/en/deals/flyer?page=14"
    },
    {
      "store": "nofrills",
      "name": "Crescents Country Biscuits, Ready to Bake Dough, 10 ct",
      "price": "$3.00",
      "unit": "340 g, $0.88/100g",
      "original_price": "$3.79",
      "image_url": "https://digital.loblaws.ca/PCX/20317832003_EA/en/1/20317832003_en_front_1200.png",
      "valid": true,
      "error": "Missing",
      "page_url": "https://www.nofrills.ca/en/deals/flyer?page=14"
    },
    {
      "store": "nofrills",
      "name": "Regular Mouth Snap Lid",
      "price": null,
      "unit": "12 ea, $0.50/1ea",
      "original_price": null,
      "image_url": "https://digital.loblaws.ca/PCX/21386838_EA/en/1/21386838_en_front_v1_1200.png",
      "valid": false,
      "error": "Missing price",
      "page_url": "https://www.nofrills.ca/en/deals/flyer?page=14"
    },
    {
      "store": "nofrills",
      "name": "Kielbassa Lunch Kit",
      "price": null,
      "unit": "90 g, $3.33/100g",
      "original_price": null,
      "image_url": "https://digital.loblaws.ca/PCX/21310030_EA/en/1/21310030_enfr_front_v2_1200.png",
      "valid": false,
      "error": "Missing price",
      "page_url": "https://www.nofrills.ca/en/deals/flyer?page=14"
    },
    {
      "store": "nofrills",
      "name": "Bear Paws Chocolate Cake",
      "price": "$2.22",
      "unit": "168 g, $1.32/100g",
      "original_price": "$2.50",
      "image_url": "https://digital.loblaws.ca/PCX/21646310_EA/en/1/6334800699_en_front_centre_marketing_A_1_GS1_Ecommerce_1200.png",
      "valid": true,
      "error": "Missing",
      "page_url": "https://www.nofrills.ca/en/deals/flyer?page=14"
    },
    {
      "store": "nofrills",
      "name": "Cheese Croissants",
      "price": "$3.99",
      "unit": "270 g, $1.48/100g",
      "original_price": "$5.00",
      "image_url": "https://digital.loblaws.ca/PCX/21674210_EA/en/1/21674210_enfr_front_1200.png",
      "valid": true,
      "error": "Missing",
      "page_url": "https://www.nofrills.ca/en/deals/flyer?page=14"
    },
    {
      "store": "nofrills",
      "name": "Camomile Herbal Tea",
      "price": null,
      "unit": "20 ea, $0.15/1ea",
      "original_price": null,
      "image_url": "https://digital.loblaws.ca/PCX/20627612001_EA/en/1/20627612001_en_front_v1_1200.png",
      "valid": false,
      "error": "Missing price",
      "page_url": "https://www.nofrills.ca/en/deals/flyer?page=14"
    },
    {
      "store": "nofrills",
      "name": "Scoop Shop Cotton Candy Ice Cream",
      "price": "$3.00",
      "unit": "946 ml, $0.32/100ml",
      "original_price": "$5.00",
      "image_url": "https://digital.loblaws.ca/PCX/21575303_EA/en/1/21575303_enfr_front_1200.png",
      "valid": true,
      "error": "Missing",
      "page_url": "https://www.nofrills.ca/en/deals/flyer?page=14"
    },
    {
      "store": "nofrills",
      "name": "Plant Butter, Unsalted",
      "price": "$3.00",
      "unit": "454 g, $0.66/100g",
      "original_price": "$5.99",
      "image_url": "https://digital.loblaws.ca/PCX/21279387_EA/en/1/21279387_en_front_v1_1200.png",
      "valid": true,
      "error": "Missing",
      "page_url": "https://www.nofrills.ca/en/deals/flyer?page=14"
    },
    {
      "store": "nofrills",
      "name": "Mini Variety Pack, 18",
      "price": "$11.00",
      "unit": "360 g, $3.06/100g",
      "original_price": "$13.49",
      "image_url": "https://digital.loblaws.ca/PCX/21312574_EA/en/1/21312574_en_front_1200.png",
      "valid": true,
      "error": "Missing",
      "page_url": "https://www.nofrills.ca/en/deals/flyer?page=14"
    },
    {
      "store": "nofrills",
      "name": "Fajita Dinner Kit",
      "price": "$3.47",
      "unit": "400 g, $0.87/100g",
      "original_price": "$3.99",
      "image_url": "https://digital.loblaws.ca/PCX/20795300_EA/en/1/20795300_en_front_v2_1200.png",
      "valid": true,
      "error": "Missing",
      "page_url": "https://www.nofrills.ca/en/deals/flyer?page=14"
    },
    {
      "store": "nofrills",
      "name": "Buttery Buffalo Chicken Wings",
      "price": "$7.00",
      "unit": "615 g, $1.14/100g",
      "original_price": "$13.99",
      "image_url": "https://digital.loblaws.ca/PCX/21372389_EA/en/1/21372389_en_front_v1_1200.png",
      "valid": true,
      "error": "Missing",
      "page_url": "https://www.nofrills.ca/en/deals/flyer?page=14"
    },
    {
      "store": "nofrills",
      "name": "Quattro Formaggi Pasta Sauce",
      "price": null,
      "unit": "650 ml, $0.54/100ml",
      "original_price": null,
      "image_url": "https://digital.loblaws.ca/PCX/20131344007_EA/en/1/6038398752_enfr_front_centre_marketing_GS1_Ecommerce_1200.png",
      "valid": false,
      "error": "Missing price",
      "page_url": "https://www.nofrills.ca/en/deals/flyer?page=14"
    },
    {
      "store": "nofrills",
      "name": "Instant Coffee, Medium",
      "price": "$6.99",
      "unit": "100 g, $6.99/100g",
      "original_price": "$8.99",
      "image_url": "https://digital.loblaws.ca/PCX/21167584_EA/en/1/6320911791_en_front_centre_marketing_1_GS1_Ecommerce_1200.png",
      "valid": true,
      "error": "Missing",
      "page_url": "https://www.nofrills.ca/en/deals/flyer?page=14"
    },
    {
      "store": "nofrills",
      "name": "FAST & FANCY Fine Herb & Wild Rice",
      "price": "$1.00",
      "unit": "132 g, $0.76/100g",
      "original_price": "$1.79",
      "image_url": "https://digital.loblaws.ca/PCX/21397499_EA/en/1/21397499_enfr_front_v1_1200.png",
      "valid": true,
      "error": "Missing",
      "page_url": "https://www.nofrills.ca/en/deals/flyer?page=14"
    },
    {
      "store": "nofrills",
      "name": "Super Premium Plus Ice Cream Salty Caramel Crunch",
      "price": "$4.50",
      "unit": "500 ml, $0.90/100ml",
      "original_price": "$5.00",
      "image_url": "https://digital.loblaws.ca/PCX/21511147_EA/en/1/21511147_en_front_v1_1200.png",
      "valid": true,
      "error": "Missing",
      "page_url": "https://www.nofrills.ca/en/deals/flyer?page=15"
    },
    {
      "store": "nofrills",
      "name": "8-Vegetable Cocktail",
      "price": "$3.00",
      "unit": "1.89 l, $0.16/100ml",
      "original_price": "$3.50",
      "image_url": "https://digital.loblaws.ca/PCX/20506849004_EA/en/1/20506849004_en_front_1200.png",
      "valid": true,
      "error": "Missing",
      "page_url": "https://www.nofrills.ca/en/deals/flyer?page=15"
    },
    {
      "store": "nofrills",
      "name": "Calorie-Wise Balsamic Vinaigrette Salad Dressing",
      "price": null,
      "unit": "425 ml, $0.71/100ml",
      "original_price": null,
      "image_url": "https://digital.loblaws.ca/PCX/21583576_EA/en/1/21583576_enfr_front_v1_1200.png",
      "valid": false,
      "error": "Missing price",
      "page_url": "https://www.nofrills.ca/en/deals/flyer?page=15"
    },
    {
      "store": "nofrills",
      "name": "Optic White Stain Fighter Stain Removal Toothpaste, Clean Mint Paste",
      "price": "$2.50",
      "unit": "90 ml, $3.33/100ml",
      "original_price": null,
      "image_url": "https://digital.loblaws.ca/PCX/21220905_EA/en/1/21220905_en_front_1200.png",
      "valid": true,
      "error": "Missing",
      "page_url": "https://www.nofrills.ca/en/deals/flyer?page=15"
    },
    {
      "store": "nofrills",
      "name": "Cherry Liquid Drink Mix",
      "price": "$3.00",
      "unit": "48 ml, $6.25/100ml",
      "original_price": "$3.25",
      "image_url": "https://digital.loblaws.ca/PCX/20749494002_EA/en/1/20749494002_enfr_front_1200.png",
      "valid": true,
      "error": "Missing",
      "page_url": "https://www.nofrills.ca/en/deals/flyer?page=15"
    },
    {
      "store": "nofrills",
      "name": "Valley Selections Savoury Garlic Pasta & Vegetables",
      "price": "$3.00",
      "unit": "500 g, $0.60/100g",
      "original_price": "$3.50",
      "image_url": "https://digital.loblaws.ca/PCX/21022096_EA/en/1/19056914176_enfr_front_centre_marketing_GS1_Ecommerce_1200.png",
      "valid": true,
      "error": "Missing",
      "page_url": "https://www.nofrills.ca/en/deals/flyer?page=15"
    },
    {
      "store": "nofrills",
      "name": "Natural Selections Shaved Deli Ham, Italian Style",
      "price": "$5.00",
      "unit": "175 g, $28.57/1kg $2.86/100g",
      "original_price": "$7.99",
      "image_url": "https://digital.loblaws.ca/PCX/20582321_EA/en/1/20582321_enfr_front_v1_1200.png",
      "valid": true,
      "error": "Missing",
      "page_url": "https://www.nofrills.ca/en/deals/flyer?page=15"
    },
    {
      "store": "nofrills",
      "name": "All Bran All-Bran Cereal Original",
      "price": null,
      "unit": "525 g, $1.05/100g",
      "original_price": null,
      "image_url": "https://digital.loblaws.ca/PCX/21607294_EA/en/1/21607294_enfr_front_1200.png",
      "valid": false,
      "error": "Missing price",
      "page_url": "https://www.nofrills.ca/en/deals/flyer?page=15"
    },
    {
      "store": "nofrills",
      "name": "TRISCUIT Thin Crisps Zesty Jalepeno Crackers",
      "price": null,
      "unit": "200 g, $1.25/100g",
      "original_price": null,
      "image_url": "https://digital.loblaws.ca/PCX/21433485_EA/en/1/21433485_en_front_v1_1200.png",
      "valid": false,
      "error": "Missing price",
      "page_url": "https://www.nofrills.ca/en/deals/flyer?page=15"
    },
    {
      "store": "nofrills",
      "name": "Scooby-Doo - Fruit Flavoured Snacks",
      "price": null,
      "unit": "226 g, $1.33/100g",
      "original_price": null,
      "image_url": "https://digital.loblaws.ca/PCX/20335950001_EA/en/1/20335950001_en_front_v1_1200.png",
      "valid": false,
      "error": "Missing price",
      "page_url": "https://www.nofrills.ca/en/deals/flyer?page=15"
    },
    {
      "store": "nofrills",
      "name": "SuperMoist Cake Mix, White",
      "price": null,
      "unit": "404 g, $0.57/100g",
      "original_price": null,
      "image_url": "https://digital.loblaws.ca/PCX/21547840_EA/en/1/21547840_en_front_v1_1200.png",
      "valid": false,
      "error": "Missing price",
      "page_url": "https://www.nofrills.ca/en/deals/flyer?page=15"
    },
    {
      "store": "nofrills",
      "name": "Organic Whole Red Raspberries",
      "price": "$7.00",
      "unit": "600 g, $1.17/100g",
      "original_price": "$8.50",
      "image_url": "https://digital.loblaws.ca/PCX/20431483003_EA/en/1/20431483003_en_front_1200.png",
      "valid": true,
      "error": "Missing",
      "page_url": "https://www.nofrills.ca/en/deals/flyer?page=15"
    },
    {
      "store": "nofrills",
      "name": "Fruit Gushers Gushin' Grape & Tropical Flavours",
      "price": null,
      "unit": "138 g, $2.17/100g",
      "original_price": null,
      "image_url": "https://digital.loblaws.ca/PCX/20639204002_EA/en/1/20639204002_en_front_v1_1200.png",
      "valid": false,
      "error": "Missing price",
      "page_url": "https://www.nofrills.ca/en/deals/flyer?page=15"
    },
    {
      "store": "nofrills",
      "name": "Mi Goreng Barbeque Chicken Flavour Instant Noodles",
      "price": null,
      "unit": "425 g, $0.77/100g",
      "original_price": null,
      "image_url": "https://digital.loblaws.ca/PCX/21246480_EA/en/1/21246480_en_front_1200.png",
      "valid": false,
      "error": "Missing price",
      "page_url": "https://www.nofrills.ca/en/deals/flyer?page=15"
    },
    {
      "store": "nofrills",
      "name": "Pub Style Chicken Fries, Fully Cooked",
      "price": "$7.00",
      "unit": "700 g, $1.00/100g",
      "original_price": "$11.50",
      "image_url": "https://digital.loblaws.ca/PCX/21191680_EA/en/1/6929912687_en_front_centre_marketing_GS1_Ecommerce_1200.png",
      "valid": true,
      "error": "Missing",
      "page_url": "https://www.nofrills.ca/en/deals/flyer?page=15"
    },
    {
      "store": "nofrills",
      "name": "Lady Speed Stick Invisible Powder Fresh Antiperspirant",
      "price": "$2.50",
      "unit": "70 g, $4.29/100g",
      "original_price": null,
      "image_url": "https://digital.loblaws.ca/PCX/20348223002_EA/en/1/20348223002_enfr_front_1200.png",
      "valid": true,
      "error": "Missing",
      "page_url": "https://www.nofrills.ca/en/deals/flyer?page=15"
    },
    {
      "store": "nofrills",
      "name": "Pasta Salad Dressing Mix",
      "price": null,
      "unit": "28 g, $8.18/100g",
      "original_price": null,
      "image_url": "https://digital.loblaws.ca/PCX/20324486001_EA/en/1/20324486001_enfr_front_v1_1200.png",
      "valid": false,
      "error": "Missing price",
      "page_url": "https://www.nofrills.ca/en/deals/flyer?page=15"
    },
    {
      "store": "nofrills",
      "name": "Gluten Free Homestyle Waffles",
      "price": "$3.00",
      "unit": "320 g, $0.94/100g",
      "original_price": "$3.99",
      "image_url": "https://digital.loblaws.ca/PCX/21419163_EA/en/1/21419163_enfr_front_v1_1200.png",
      "valid": true,
      "error": "Missing",
      "page_url": "https://www.nofrills.ca/en/deals/flyer?page=15"
    },
    {
      "store": "nofrills",
      "name": "Fat Free Italian Salad Dressing",
      "price": null,
      "unit": "425 ml, $0.71/100ml",
      "original_price": null,
      "image_url": "https://digital.loblaws.ca/PCX/21583634_EA/en/1/21583634_enfr_front_v1_1200.png",
      "valid": false,
      "error": "Missing price",
      "page_url": "https://www.nofrills.ca/en/deals/flyer?page=15"
    },
    {
      "store": "nofrills",
      "name": "Cherry Blackberry Liquid Water Enhancer",
      "price": "$3.00",
      "unit": "48 ml, $6.25/100ml",
      "original_price": "$3.25",
      "image_url": "https://digital.loblaws.ca/PCX/20565119005_EA/en/1/20565119005_en_front_v1_1200.png",
      "valid": true,
      "error": "Missing",
      "page_url": "https://www.nofrills.ca/en/deals/flyer?page=15"
    },
    {
      "store": "nofrills",
      "name": "Fire Roasted Tomato Pasta Sauce",
      "price": null,
      "unit": "650 ml, $0.54/100ml",
      "original_price": null,
      "image_url": "https://digital.loblaws.ca/PCX/20131344008_EA/en/1/6038398753_enfr_front_centre_marketing_GS1_Ecommerce_1200.png",
      "valid": false,
      "error": "Missing price",
      "page_url": "https://www.nofrills.ca/en/deals/flyer?page=15"
    },
    {
      "store": "nofrills",
      "name": "Limited Edition Watermelon",
      "price": null,
      "unit": "12x355.0 ml, $0.15/100ml",
      "original_price": null,
      "image_url": "https://digital.loblaws.ca/PCX/21459527_C12/en/1/21459527_en_front_1200.png",
      "valid": false,
      "error": "Missing price",
      "page_url": "https://www.nofrills.ca/en/deals/flyer?page=15"
    },
    {
      "store": "nofrills",
      "name": "Yu Choy Sum",
      "price": "about $2.94",
      "unit": "$4.39/1kg $1.99/1lb",
      "original_price": "$4.42",
      "image_url": "https://digital.loblaws.ca/PCX/20171853001_KG/en/1/20171853001_en_front_1200.png",
      "valid": true,
      "error": "Missing",
      "page_url": "https://www.nofrills.ca/en/deals/flyer?page=15"
    },
    {
      "store": "nofrills",
      "name": "Nextmilk, Plant Based Dairy Free Milk Alternative",
      "price": "$3.75",
      "unit": "1.74 l, $0.22/100ml",
      "original_price": "$4.00",
      "image_url": "https://digital.loblaws.ca/PCX/21457065_EA/en/1/21457065_en_front_v1_1200.png",
      "valid": true,
      "error": "Missing",
      "page_url": "https://www.nofrills.ca/en/deals/flyer?page=15"
    },
    {
      "store": "nofrills",
      "name": "Optic White Stain Fighter Stain Removal Toothpaste, Fresh Mint Gel",
      "price": "$2.50",
      "unit": "90 ml, $3.33/100ml",
      "original_price": null,
      "image_url": "https://digital.loblaws.ca/PCX/21220907_EA/en/1/21220907_en_front_v1_1200.png",
      "valid": true,
      "error": "Missing",
      "page_url": "https://www.nofrills.ca/en/deals/flyer?page=15"
    },
    {
      "store": "nofrills",
      "name": "Men'S Deodorant, Original",
      "price": "$2.50",
      "unit": "85 g, $3.53/100g",
      "original_price": null,
      "image_url": "https://digital.loblaws.ca/PCX/20846061_EA/en/1/20846061_en_front_v1_1200.png",
      "valid": true,
      "error": "Missing",
      "page_url": "https://www.nofrills.ca/en/deals/flyer?page=15"
    },
    {
      "store": "nofrills",
      "name": "Grape Cocktail Juice Boxes",
      "price": "$2.00",
      "unit": "8x200.0 ml, $0.13/100ml",
      "original_price": "$3.50",
      "image_url": "https://digital.loblaws.ca/PCX/21435672_EA/en/1/21435672_en_front_v1_1200.png",
      "valid": true,
      "error": "Missing",
      "page_url": "https://www.nofrills.ca/en/deals/flyer?page=15"
    },
    {
      "store": "nofrills",
      "name": "Piña Colada Sorbet",
      "price": "$6.00",
      "unit": "2000 ml, $0.30/100ml",
      "original_price": "$7.50",
      "image_url": "https://digital.loblaws.ca/PCX/21654179_EA/en/1/21654179_en_front_1200.png",
      "valid": true,
      "error": "Missing",
      "page_url": "https://www.nofrills.ca/en/deals/flyer?page=15"
    },
    {
      "store": "nofrills",
      "name": "Fruit Roll-Ups Fruit Flavoured Snacks, Tropical Tie-Dye, Gluten Free, 10 ct",
      "price": null,
      "unit": "141 g, $2.13/100g",
      "original_price": null,
      "image_url": "https://digital.loblaws.ca/PCX/21031310_EA/en/1/21031310_en_front_v2_1200.png",
      "valid": false,
      "error": "Missing price",
      "page_url": "https://www.nofrills.ca/en/deals/flyer?page=15"
    },
    {
      "store": "nofrills",
      "name": "Soy Milk Alternative, Chocolate Flavour, Dairy-Free",
      "price": "$3.75",
      "unit": "1.89 l, $0.20/100ml",
      "original_price": "$4.00",
      "image_url": "https://digital.loblaws.ca/PCX/20124384003_EA/en/1/20124384003_en_front_1200.png",
      "valid": true,
      "error": "Missing",
      "page_url": "https://www.nofrills.ca/en/deals/flyer?page=15"
    },
    {
      "store": "nofrills",
      "name": "Summer Sausage Lunch Kit",
      "price": null,
      "unit": "90 g, $3.33/100g",
      "original_price": null,
      "image_url": "https://digital.loblaws.ca/PCX/21310073_EA/en/1/21310073_enfr_front_v1_1200.png",
      "valid": false,
      "error": "Missing price",
      "page_url": "https://www.nofrills.ca/en/deals/flyer?page=15"
    },
    {
      "store": "nofrills",
      "name": "Four Cheese Crackers",
      "price": "$2.00",
      "unit": "200 g, $1.00/100g",
      "original_price": "$2.79",
      "image_url": "https://digital.loblaws.ca/PCX/21350254_EA/en/1/21350254_en_front_v1_1200.png",
      "valid": true,
      "error": "Missing",
      "page_url": "https://www.nofrills.ca/en/deals/flyer?page=15"
    },
    {
      "store": "nofrills",
      "name": "Hydrate Lemon Lime Electrolyte Drink Mix",
      "price": "$3.00",
      "unit": "48 ml, $6.25/100ml",
      "original_price": "$3.25",
      "image_url": "https://digital.loblaws.ca/PCX/20746192004_EA/en/1/20746192004_enfr_front_1200.png",
      "valid": true,
      "error": "Missing",
      "page_url": "https://www.nofrills.ca/en/deals/flyer?page=15"
    },
    {
      "store": "nofrills",
      "name": "Pie Crusts, Refrigerated Pre-Made Dough",
      "price": "$3.00",
      "unit": "400 g, $0.75/100g",
      "original_price": "$3.49",
      "image_url": "https://digital.loblaws.ca/PCX/20187585_EA/en/1/20187585_en_front_v1_1200.png",
      "valid": true,
      "error": "Missing",
      "page_url": "https://www.nofrills.ca/en/deals/flyer?page=15"
    },
    {
      "store": "nofrills",
      "name": "Squishmallows Cereal",
      "price": "$3.50",
      "unit": "269 g, $1.30/100g",
      "original_price": "$5.00",
      "image_url": "https://digital.loblaws.ca/PCX/21650587_EA/en/1/5972410114_en_front_centre_marketing_1_GS1_Ecommerce_1200.png",
      "valid": true,
      "error": "Missing",
      "page_url": "https://www.nofrills.ca/en/deals/flyer?page=15"
    },
    {
      "store": "nofrills",
      "name": "Whipped Frosting, Vanilla, Gluten Free",
      "price": null,
      "unit": "340 g, $0.67/100g",
      "original_price": null,
      "image_url": "https://digital.loblaws.ca/PCX/20562641009_EA/en/1/20562641009_en_front_v2_1200.png",
      "valid": false,
      "error": "Missing price",
      "page_url": "https://www.nofrills.ca/en/deals/flyer?page=15"
    },
    {
      "store": "nofrills",
      "name": "Lemonade Juice Boxes",
      "price": "$2.00",
      "unit": "8x200.0 ml, $0.13/100ml",
      "original_price": "$3.50",
      "image_url": "https://digital.loblaws.ca/PCX/21433608_EA/en/1/21433608_en_front_v1_1200.png",
      "valid": true,
      "error": "Missing",
      "page_url": "https://www.nofrills.ca/en/deals/flyer?page=15"
    },
    {
      "store": "nofrills",
      "name": "Soup Mix Vegetable",
      "price": "$2.25",
      "unit": "40 g, $5.63/100g",
      "original_price": "$2.49",
      "image_url": "https://digital.loblaws.ca/PCX/20297514001_EA/en/1/20297514001_en_front_1200.png",
      "valid": true,
      "error": "Missing",
      "page_url": "https://www.nofrills.ca/en/deals/flyer?page=15"
    },
    {
      "store": "nofrills",
      "name": "Ultra Strawberry Dreams",
      "price": null,
      "unit": "473 ml, $0.63/100ml",
      "original_price": null,
      "image_url": "https://digital.loblaws.ca/PCX/21588702_EA/en/1/21588702_en_front_1200.png",
      "valid": false,
      "error": "Missing price",
      "page_url": "https://www.nofrills.ca/en/deals/flyer?page=15"
    },
    {
      "store": "nofrills",
      "name": "Kids Fruit Snacks",
      "price": null,
      "unit": "226 g, $1.33/100g",
      "original_price": null,
      "image_url": "https://digital.loblaws.ca/PCX/20952626_EA/en/1/20952626_en_front_1200.png",
      "valid": false,
      "error": "Missing price",
      "page_url": "https://www.nofrills.ca/en/deals/flyer?page=15"
    },
    {
      "store": "nofrills",
      "name": "Fajita Seasoning Mix",
      "price": null,
      "unit": "24 g, $4.17/100g",
      "original_price": null,
      "image_url": "https://digital.loblaws.ca/PCX/21311249_EA/en/1/21311249_en_front_1200.png",
      "valid": false,
      "error": "Missing price",
      "page_url": "https://www.nofrills.ca/en/deals/flyer?page=15"
    },
    {
      "store": "nofrills",
      "name": "Tantalizing Turkey Flavour Adult Cat Treats",
      "price": null,
      "unit": "180 g, $1.55/100g",
      "original_price": null,
      "image_url": "https://digital.loblaws.ca/PCX/20298151004_EA/en/1/20298151004_enfr_front_v1_1200.png",
      "valid": false,
      "error": "Missing price",
      "page_url": "https://www.nofrills.ca/en/deals/flyer?page=15"
    },
    {
      "store": "nofrills",
      "name": "Mini Original Crackers, Snack Packs, Limited Edition Disney Packaging – while supplies last",
      "price": null,
      "unit": "180 g, $1.39/100g",
      "original_price": null,
      "image_url": "https://digital.loblaws.ca/PCX/21532454_EA/en/1/21532454_en_front_1200.png",
      "valid": false,
      "error": "Missing price",
      "page_url": "https://www.nofrills.ca/en/deals/flyer?page=15"
    },
    {
      "store": "nofrills",
      "name": "Turkey Gravy Mix",
      "price": null,
      "unit": "25 g, $5.16/100g",
      "original_price": null,
      "image_url": "https://digital.loblaws.ca/PCX/20302816004_EA/en/1/20302816004_enfr_front_1200.png",
      "valid": false,
      "error": "Missing price",
      "page_url": "https://www.nofrills.ca/en/deals/flyer?page=15"
    },
    {
      "store": "nofrills",
      "name": "Lactose Free Feta Cheese",
      "price": "$5.00",
      "unit": "200 g, $2.50/100g",
      "original_price": "$7.49",
      "image_url": "https://digital.loblaws.ca/PCX/21528313_EA/en/1/21528313_en_front_1200.png",
      "valid": true,
      "error": "Missing",
      "page_url": "https://www.nofrills.ca/en/deals/flyer?page=15"
    },
    {
      "store": "nofrills",
      "name": "Tropical Punch Liquid Drink Mix",
      "price": "$3.00",
      "unit": "48 ml, $6.25/100ml",
      "original_price": "$3.25",
      "image_url": "https://digital.loblaws.ca/PCX/20749494003_EA/en/1/20749494003_en_front_1200.png",
      "valid": true,
      "error": "Missing",
      "page_url": "https://www.nofrills.ca/en/deals/flyer?page=15"
    },
    {
      "store": "nofrills",
      "name": "Danino Vanilla Flavoured Drinkable Yogurt for Kids, 6 Bottles",
      "price": "$3.00",
      "unit": "558 ml, $0.54/100ml",
      "original_price": "$3.50",
      "image_url": "https://digital.loblaws.ca/PCX/21520257_EA/en/1/21520257_en_front_v1_1200.png",
      "valid": true,
      "error": "Missing",
      "page_url": "https://www.nofrills.ca/en/deals/flyer?page=15"
    },
    {
      "store": "nofrills",
      "name": "Vegetable Cocktail Spicy",
      "price": "$2.00",
      "unit": "6x156.0 ml, $0.21/100ml",
      "original_price": "$4.49",
      "image_url": "https://digital.loblaws.ca/PCX/21577740_EA/en/1/21577740_en_front_1200.png",
      "valid": true,
      "error": "Missing",
      "page_url": "https://www.nofrills.ca/en/deals/flyer?page=15"
    },
    {
      "store": "nofrills",
      "name": "Eggo Waffles Buttermilk",
      "price": "$3.00",
      "unit": "280 g, $1.07/100g",
      "original_price": "$4.25",
      "image_url": "https://digital.loblaws.ca/PCX/20323436004_EA/en/1/20323436004_en_front_1200.png",
      "valid": true,
      "error": "Missing",
      "page_url": "https://www.nofrills.ca/en/deals/flyer?page=16"
    },
    {
      "store": "nofrills",
      "name": "Pasta Rigatoni No. 24",
      "price": "$2.25",
      "unit": "450 g, $0.50/100g",
      "original_price": "$2.99",
      "image_url": "https://digital.loblaws.ca/PCX/21056284_EA/en/1/21056284_enfr_front_v1_1200.png",
      "valid": true,
      "error": "Missing",
      "page_url": "https://www.nofrills.ca/en/deals/flyer?page=16"
    },
    {
      "store": "nofrills",
      "name": "Hydrate Orange Electrolyte Drink Mix",
      "price": "$3.00",
      "unit": "48 ml, $6.25/100ml",
      "original_price": "$3.25",
      "image_url": "https://digital.loblaws.ca/PCX/20746192003_EA/en/1/20746192003_enfr_front_v1_1200.png",
      "valid": true,
      "error": "Missing",
      "page_url": "https://www.nofrills.ca/en/deals/flyer?page=16"
    },
    {
      "store": "nofrills",
      "name": "Mix-Ups Chicken, Turkey & Beef Flavour Adult Cat Treats",
      "price": null,
      "unit": "180 g, $1.55/100g",
      "original_price": null,
      "image_url": "https://digital.loblaws.ca/PCX/21105382_EA/en/1/21105382_enfr_front_v1_1200.png",
      "valid": false,
      "error": "Missing price",
      "page_url": "https://www.nofrills.ca/en/deals/flyer?page=16"
    },
    {
      "store": "nofrills",
      "name": "Organic Canadian Wild Blueberries",
      "price": "$7.00",
      "unit": "600 g, $1.17/100g",
      "original_price": "$8.50",
      "image_url": "https://digital.loblaws.ca/PCX/20149390_EA/en/1/20149390_en_front_1200.png",
      "valid": true,
      "error": "Missing",
      "page_url": "https://www.nofrills.ca/en/deals/flyer?page=16"
    },
    {
      "store": "nofrills",
      "name": "Bean & Carrot Medley",
      "price": "$3.00",
      "unit": "500 g, $0.60/100g",
      "original_price": "$3.50",
      "image_url": "https://digital.loblaws.ca/PCX/21022365_EA/en/1/21022365_en_front_1200.png",
      "valid": true,
      "error": "Missing",
      "page_url": "https://www.nofrills.ca/en/deals/flyer?page=16"
    },
    {
      "store": "nofrills",
      "name": "Homegrown Macaroni & Cheese, Rice Pasta & Cheddar, Gluten Free",
      "price": "$2.00",
      "unit": "170 g, $1.18/100g",
      "original_price": "$2.50",
      "image_url": "https://digital.loblaws.ca/PCX/20420057_EA/en/1/20420057_en_front_v2_1200.png",
      "valid": true,
      "error": "Missing",
      "page_url": "https://www.nofrills.ca/en/deals/flyer?page=16"
    },
    {
      "store": "nofrills",
      "name": "Crunch Milk Chocolate Bar With Cookie Pieces",
      "price": "$1.75",
      "unit": "100 g, $2.50/100g",
      "original_price": null,
      "image_url": "https://digital.loblaws.ca/PCX/21570954_EA/en/1/21570954_enfr_front_1200.png",
      "valid": true,
      "error": "Missing",
      "page_url": "https://www.nofrills.ca/en/deals/flyer?page=16"
    },
    {
      "store": "nofrills",
      "name": "0% Lactose Free Milk",
      "price": null,
      "unit": "2 l, $0.28/100ml",
      "original_price": null,
      "image_url": "https://digital.loblaws.ca/PCX/20188053002_EA/en/1/20188053002_en_front_1200.png",
      "valid": false,
      "error": "Missing price",
      "page_url": "https://www.nofrills.ca/en/deals/flyer?page=16"
    },
    {
      "store": "nofrills",
      "name": "Shrimp Ring",
      "price": null,
      "unit": "227 g, $2.64/100g",
      "original_price": null,
      "image_url": "https://digital.loblaws.ca/PCX/20080289_EA/en/1/20080289_en_front_1200.png",
      "valid": false,
      "error": "Missing price",
      "page_url": "https://www.nofrills.ca/en/deals/flyer?page=16"
    },
    {
      "store": "nofrills",
      "name": "Light Medium Cheddar Cheese",
      "price": null,
      "unit": "400 g, $2.00/100g",
      "original_price": null,
      "image_url": "https://digital.loblaws.ca/PCX/21347136_EA/en/1/21347136_en_front_1200.png",
      "valid": false,
      "error": "Missing price",
      "page_url": "https://www.nofrills.ca/en/deals/flyer?page=16"
    },
    {
      "store": "nofrills",
      "name": "Crunchy Hazelnut Spread With Cocoa",
      "price": "$4.97",
      "unit": "725 g, $0.69/100g",
      "original_price": "$7.49",
      "image_url": "https://digital.loblaws.ca/PCX/21380969_EA/en/1/21380969_en_front_1200.png",
      "valid": true,
      "error": "Missing",
      "page_url": "https://www.nofrills.ca/en/deals/flyer?page=16"
    },
    {
      "store": "nofrills",
      "name": "Nano Frozen Yogurt Pops, Strawberry Banana",
      "price": "$6.00",
      "unit": "400 ml, $1.50/100ml",
      "original_price": "$6.50",
      "image_url": "https://digital.loblaws.ca/PCX/21650572_EA/en/1/21650572_enfr_front_1200.png",
      "valid": true,
      "error": "Missing",
      "page_url": "https://www.nofrills.ca/en/deals/flyer?page=16"
    },
    {
      "store": "nofrills",
      "name": "Vitamin C Caplets, 500 mg",
      "price": "$2.50",
      "unit": "120 ea, $0.03/1ea",
      "original_price": null,
      "image_url": "https://digital.loblaws.ca/PCX/20020331_EA/en/1/20020331_en_front_1200.png",
      "valid": true,
      "error": "Missing",
      "page_url": "https://www.nofrills.ca/en/deals/flyer?page=16"
    },
    {
      "store": "nofrills",
      "name": "Trail Mix Chewy Grain Bar Dark Chocolate Cherry",
      "price": null,
      "unit": "175 g, $1.71/100g",
      "original_price": null,
      "image_url": "https://digital.loblaws.ca/PCX/21575603_EA/en/1/21575603_en_front_v2_1200.png",
      "valid": false,
      "error": "Missing price",
      "page_url": "https://www.nofrills.ca/en/deals/flyer?page=16"
    },
    {
      "store": "nofrills",
      "name": "Pizza Mozzarella and Cheddar Shredded Cheese Blend",
      "price": null,
      "unit": "320 g, $1.97/100g",
      "original_price": null,
      "image_url": "https://digital.loblaws.ca/PCX/21475493_EA/en/1/21475493_en_front_1200.png",
      "valid": false,
      "error": "Missing price",
      "page_url": "https://www.nofrills.ca/en/deals/flyer?page=16"
    },
    {
      "store": "nofrills",
      "name": "FAST & FANCY Broccoli & Cheddar Flavour Rice",
      "price": "$1.00",
      "unit": "132 g, $0.76/100g",
      "original_price": "$1.79",
      "image_url": "https://digital.loblaws.ca/PCX/21397421_EA/en/1/21397421_enfr_front_v1_1200.png",
      "valid": true,
      "error": "Missing",
      "page_url": "https://www.nofrills.ca/en/deals/flyer?page=16"
    },
    {
      "store": "nofrills",
      "name": "Scoop Shop Vanilla Ice Cream",
      "price": "$3.00",
      "unit": "946 ml, $0.32/100ml",
      "original_price": "$5.00",
      "image_url": "https://digital.loblaws.ca/PCX/20299983011_EA/en/1/20299983011_enfr_front_v1_1200.png",
      "valid": true,
      "error": "Missing",
      "page_url": "https://www.nofrills.ca/en/deals/flyer?page=16"
    },
    {
      "store": "nofrills",
      "name": "Cup-a-Soup Instant Soup Mix Chicken Noodle Supreme low fat",
      "price": "$2.25",
      "unit": "61 g, $3.69/100g",
      "original_price": "$2.50",
      "image_url": "https://digital.loblaws.ca/PCX/20314754001_EA/en/1/20314754001_en_front_1200.png",
      "valid": true,
      "error": "Missing",
      "page_url": "https://www.nofrills.ca/en/deals/flyer?page=16"
    },
    {
      "store": "nofrills",
      "name": "Old Cheddar Shredded Cheese",
      "price": null,
      "unit": "320 g, $2.28/100g",
      "original_price": null,
      "image_url": "https://digital.loblaws.ca/PCX/21286212_EA/en/1/21286212_en_front_v1_1200.png",
      "valid": false,
      "error": "Missing price",
      "page_url": "https://www.nofrills.ca/en/deals/flyer?page=16"
    },
    {
      "store": "nofrills",
      "name": "Fajita Seasoning Mix",
      "price": null,
      "unit": "24 g, $4.17/100g",
      "original_price": null,
      "image_url": "https://digital.loblaws.ca/PCX/21311238_EA/en/1/21311238_en_front_1200.png",
      "valid": false,
      "error": "Missing price",
      "page_url": "https://www.nofrills.ca/en/deals/flyer?page=16"
    },
    {
      "store": "nofrills",
      "name": "Gluten-free Waffles, Blueberry",
      "price": "$3.00",
      "unit": "320 g, $0.94/100g",
      "original_price": "$3.99",
      "image_url": "https://digital.loblaws.ca/PCX/21419170_EA/en/1/21419170_enfr_front_1200.png",
      "valid": true,
      "error": "Missing",
      "page_url": "https://www.nofrills.ca/en/deals/flyer?page=16"
    },
    {
      "store": "nofrills",
      "name": "Backyard Barbeque",
      "price": null,
      "unit": "455 g, $0.99/100g",
      "original_price": null,
      "image_url": "https://digital.loblaws.ca/PCX/20296014005_EA/en/1/69147911946_enfr_front_centre_marketing_GS1_Ecommerce_1200.png",
      "valid": false,
      "error": "Missing price",
      "page_url": "https://www.nofrills.ca/en/deals/flyer?page=16"
    },
    {
      "store": "nofrills",
      "name": "Crispy Minis Apple Cinnamon Rice Cakes",
      "price": "$2.50",
      "unit": "196 g, $1.28/100g",
      "original_price": "$2.79",
      "image_url": "https://digital.loblaws.ca/PCX/21575277_EA/en/1/21575277_en_front_1200.png",
      "valid": true,
      "error": "Missing",
      "page_url": "https://www.nofrills.ca/en/deals/flyer?page=16"
    },
    {
      "store": "nofrills",
      "name": "Fruit Gushers Super Sour Gushers",
      "price": null,
      "unit": "138 g, $2.17/100g",
      "original_price": null,
      "image_url": "https://digital.loblaws.ca/PCX/21213550_EA/en/1/21213550_en_front_v1_1200.png",
      "valid": false,
      "error": "Missing price",
      "page_url": "https://www.nofrills.ca/en/deals/flyer?page=16"
    },
    {
      "store": "nofrills",
      "name": "Peach Party Cans, 12 Pack",
      "price": "$7.00",
      "unit": "12x341.0 ml, $0.17/100ml",
      "original_price": "$8.00",
      "image_url": "https://digital.loblaws.ca/PCX/21242429_C12/en/1/21242429_en_front_v1_1200.png",
      "valid": true,
      "error": "Missing",
      "page_url": "https://www.nofrills.ca/en/deals/flyer?page=16"
    },
    {
      "store": "nofrills",
      "name": "Fresh Ricotta & Spinach Ravioli",
      "price": "$5.00",
      "unit": "450 g, $1.11/100g",
      "original_price": "$5.99",
      "image_url": "https://digital.loblaws.ca/PCX/20915945_EA/en/1/20915945_enfr_front_v1_1200.png",
      "valid": true,
      "error": "Missing",
      "page_url": "https://www.nofrills.ca/en/deals/flyer?page=16"
    },
    {
      "store": "nofrills",
      "name": "Creamy Deluxe Frosting, French Vanilla, Gluten Free",
      "price": null,
      "unit": "450 g, $0.51/100g",
      "original_price": null,
      "image_url": "https://digital.loblaws.ca/PCX/20562641004_EA/en/1/20562641004_en_front_v1_1200.png",
      "valid": false,
      "error": "Missing price",
      "page_url": "https://www.nofrills.ca/en/deals/flyer?page=16"
    },
    {
      "store": "nofrills",
      "name": "Seafood Medley",
      "price": "$5.49",
      "unit": "340 g, $1.61/100g",
      "original_price": "$5.99",
      "image_url": "https://digital.loblaws.ca/PCX/21592029_EA/en/1/21592029_en_front_1200.png",
      "valid": true,
      "error": "Missing",
      "page_url": "https://www.nofrills.ca/en/deals/flyer?page=16"
    },
    {
      "store": "nofrills",
      "name": "Tortellini, Beef",
      "price": null,
      "unit": "600 g, $0.83/100g",
      "original_price": null,
      "image_url": "https://digital.loblaws.ca/PCX/21522104_EA/en/1/21522104_en_front_1200.png",
      "valid": false,
      "error": "Missing price",
      "page_url": "https://www.nofrills.ca/en/deals/flyer?page=16"
    },
    {
      "store": "nofrills",
      "name": "Bacon Ranch Salad Dressing",
      "price": null,
      "unit": "425 ml, $0.71/100ml",
      "original_price": null,
      "image_url": "https://digital.loblaws.ca/PCX/21584272_EA/en/1/21584272_en_front_1200.png",
      "valid": false,
      "error": "Missing price",
      "page_url": "https://www.nofrills.ca/en/deals/flyer?page=16"
    },
    {
      "store": "nofrills",
      "name": "Savoury Salmon Flavour Adult Cat Treats",
      "price": null,
      "unit": "180 g, $1.55/100g",
      "original_price": null,
      "image_url": "https://digital.loblaws.ca/PCX/20298151006_EA/en/1/20298151006_enfr_front_v1_1200.png",
      "valid": false,
      "error": "Missing price",
      "page_url": "https://www.nofrills.ca/en/deals/flyer?page=16"
    },
    {
      "store": "nofrills",
      "name": "Feta Cheese with Oregano",
      "price": "$5.00",
      "unit": "170 g, $2.94/100g",
      "original_price": "$7.49",
      "image_url": "https://digital.loblaws.ca/PCX/21051115_EA/en/1/21051115_en_front_1200.png",
      "valid": true,
      "error": "Missing",
      "page_url": "https://www.nofrills.ca/en/deals/flyer?page=16"
    },
    {
      "store": "nofrills",
      "name": "Paw Patrol Special Edition Fruit Flavoured Snacks",
      "price": null,
      "unit": "226 g, $1.33/100g",
      "original_price": null,
      "image_url": "https://digital.loblaws.ca/PCX/20320975003_EA/en/1/20320975003_en_front_1200.png",
      "valid": false,
      "error": "Missing price",
      "page_url": "https://www.nofrills.ca/en/deals/flyer?page=16"
    },
    {
      "store": "nofrills",
      "name": "Liquid Drink Mix Strawberry Lemonbabe",
      "price": "$3.00",
      "unit": "48 ml, $6.25/100ml",
      "original_price": "$3.25",
      "image_url": "https://digital.loblaws.ca/PCX/21664706_EA/en/1/21664706_enfr_front_1200.png",
      "valid": true,
      "error": "Missing",
      "page_url": "https://www.nofrills.ca/en/deals/flyer?page=16"
    },
    {
      "store": "nofrills",
      "name": "Cocktail, Cranberry Black Cherry",
      "price": "$3.00",
      "unit": "1.89 l, $0.16/100ml",
      "original_price": "$4.00",
      "image_url": "https://digital.loblaws.ca/PCX/20628589001_EA/en/1/6038311340_en_front_centre_marketing_GS1_Marketing_1200.png",
      "valid": true,
      "error": "Missing",
      "page_url": "https://www.nofrills.ca/en/deals/flyer?page=16"
    },
    {
      "store": "nofrills",
      "name": "Orange Liquid Drink Mix",
      "price": "$3.00",
      "unit": "48 ml, $6.25/100ml",
      "original_price": "$3.25",
      "image_url": "https://digital.loblaws.ca/PCX/20955642_EA/en/1/20955642_en_front_1200.png",
      "valid": true,
      "error": "Missing",
      "page_url": "https://www.nofrills.ca/en/deals/flyer?page=16"
    },
    {
      "store": "nofrills",
      "name": "Triple Berry Sorbet",
      "price": "$6.00",
      "unit": "2 l, $0.30/100ml",
      "original_price": "$7.50",
      "image_url": "https://digital.loblaws.ca/PCX/20761284_EA/en/1/20761284_en_front_1200.png",
      "valid": true,
      "error": "Missing",
      "page_url": "https://www.nofrills.ca/en/deals/flyer?page=16"
    },
    {
      "store": "nofrills",
      "name": "Simply All-In-One Liquid Laundry Detergent, Orange Blossom Scent, 70 Loads",
      "price": "$7.99",
      "unit": "2.72 l, $0.29/100ml",
      "original_price": "$12.99",
      "image_url": "https://digital.loblaws.ca/PCX/21670984_EA/en/1/21670984_en_front_1200.png",
      "valid": true,
      "error": "Missing",
      "page_url": "https://www.nofrills.ca/en/deals/flyer?page=16"
    },
    {
      "store": "nofrills",
      "name": "Pasta Fusilli No. 34",
      "price": "$2.25",
      "unit": "450 g, $0.50/100g",
      "original_price": "$2.99",
      "image_url": "https://digital.loblaws.ca/PCX/21056280_EA/en/1/21056280_enfr_front_v1_1200.png",
      "valid": true,
      "error": "Missing",
      "page_url": "https://www.nofrills.ca/en/deals/flyer?page=16"
    },
    {
      "store": "nofrills",
      "name": "FAST & FANCY Garden Vegetable Style Rice",
      "price": "$1.00",
      "unit": "132 g, $0.76/100g",
      "original_price": "$1.79",
      "image_url": "https://digital.loblaws.ca/PCX/21397330_EA/en/1/21397330_enfr_front_v1_1200.png",
      "valid": true,
      "error": "Missing",
      "page_url": "https://www.nofrills.ca/en/deals/flyer?page=16"
    },
    {
      "store": "nofrills",
      "name": "Thai Red Curry Paste",
      "price": "$3.99",
      "unit": "270 ml, $1.48/100ml",
      "original_price": "$4.29",
      "image_url": "https://digital.loblaws.ca/PCX/20712986_EA/en/1/20712986_en_front_1200.png",
      "valid": true,
      "error": "Missing",
      "page_url": "https://www.nofrills.ca/en/deals/flyer?page=16"
    },
    {
      "store": "nofrills",
      "name": "Homestyle White Bread",
      "price": "$3.00",
      "unit": "675 g, $0.44/100g",
      "original_price": "$3.49",
      "image_url": "https://digital.loblaws.ca/PCX/21666487_EA/en/1/21666487_en_front_v2_1200.png",
      "valid": true,
      "error": "Missing",
      "page_url": "https://www.nofrills.ca/en/deals/flyer?page=16"
    },
    {
      "store": "nofrills",
      "name": "Solid White Tuna",
      "price": "$2.50",
      "unit": "170 g, $1.47/100g",
      "original_price": "$3.99",
      "image_url": "https://digital.loblaws.ca/PCX/21005158_EA/en/1/6530200028_en_front_centre_marketing_A_1_GS1_Ecommerce_v1_1200.png",
      "valid": true,
      "error": "Missing",
      "page_url": "https://www.nofrills.ca/en/deals/flyer?page=16"
    },
    {
      "store": "nofrills",
      "name": "Dill Pickle Dip",
      "price": null,
      "unit": "340 g, $1.46/100g",
      "original_price": null,
      "image_url": "https://digital.loblaws.ca/PCX/20866839002_EA/en/1/20866839002_en_front_v1_1200.png",
      "valid": false,
      "error": "Missing price",
      "page_url": "https://www.nofrills.ca/en/deals/flyer?page=16"
    },
    {
      "store": "nofrills",
      "name": "Cheese & Spinach Ravioli",
      "price": null,
      "unit": "600 g, $0.83/100g",
      "original_price": null,
      "image_url": "https://digital.loblaws.ca/PCX/21522092_EA/en/1/21522092_en_front_1200.png",
      "valid": false,
      "error": "Missing price",
      "page_url": "https://www.nofrills.ca/en/deals/flyer?page=16"
    },
    {
      "store": "nofrills",
      "name": "Pasta Farfalle No. 93",
      "price": "$2.25",
      "unit": "450 g, $0.50/100g",
      "original_price": "$2.99",
      "image_url": "https://digital.loblaws.ca/PCX/21056282_EA/en/1/21056282_enfr_front_v1_1200.png",
      "valid": true,
      "error": "Missing",
      "page_url": "https://www.nofrills.ca/en/deals/flyer?page=16"
    },
    {
      "store": "nofrills",
      "name": "Basa Fillets",
      "price": null,
      "unit": "400 g, $1.75/100g",
      "original_price": null,
      "image_url": "https://digital.loblaws.ca/PCX/20550877_EA/en/1/20550877_enfr_front_v1_1200.png",
      "valid": false,
      "error": "Missing price",
      "page_url": "https://www.nofrills.ca/en/deals/flyer?page=16"
    },
    {
      "store": "nofrills",
      "name": "Shepherd'S Pie Seasoning Mix",
      "price": null,
      "unit": "47 g, $2.74/100g",
      "original_price": null,
      "image_url": "https://digital.loblaws.ca/PCX/20323721011_EA/en/1/20323721011_enfr_front_1200.png",
      "valid": false,
      "error": "Missing price",
      "page_url": "https://www.nofrills.ca/en/deals/flyer?page=17"
    },
    {
      "store": "nofrills",
      "name": "Calorie-Wise Zesty Italian Salad Dressing",
      "price": null,
      "unit": "425 ml, $0.71/100ml",
      "original_price": null,
      "image_url": "https://digital.loblaws.ca/PCX/21583609_EA/en/1/21583609_enfr_front_v2_1200.png",
      "valid": false,
      "error": "Missing price",
      "page_url": "https://www.nofrills.ca/en/deals/flyer?page=17"
    },
    {
      "store": "nofrills",
      "name": "Soft Cookies Cinnamon Bun",
      "price": "$2.22",
      "unit": "168 g, $1.32/100g",
      "original_price": "$2.50",
      "image_url": "https://digital.loblaws.ca/PCX/21646373_EA/en/1/6334800698_en_front_centre_marketing_A_1_GS1_Ecommerce_1200.png",
      "valid": true,
      "error": "Missing",
      "page_url": "https://www.nofrills.ca/en/deals/flyer?page=17"
    },
    {
      "store": "nofrills",
      "name": "Orange Liquid Drink Mix",
      "price": "$3.00",
      "unit": "48 ml, $6.25/100ml",
      "original_price": "$3.25",
      "image_url": "https://digital.loblaws.ca/PCX/20749494004_EA/en/1/20749494004_en_front_1200.png",
      "valid": true,
      "error": "Missing",
      "page_url": "https://www.nofrills.ca/en/deals/flyer?page=17"
    },
    {
      "store": "nofrills",
      "name": "Pasta Penne Rigate No. 41",
      "price": "$2.25",
      "unit": "450 g, $0.50/100g",
      "original_price": "$2.99",
      "image_url": "https://digital.loblaws.ca/PCX/21056283_EA/en/1/21056283_en_front_v1_1200.png",
      "valid": true,
      "error": "Missing",
      "page_url": "https://www.nofrills.ca/en/deals/flyer?page=17"
    },
    {
      "store": "nofrills",
      "name": "Meat Pies, Turkey Pie",
      "price": "$1.50",
      "unit": "200 g, $0.75/100g",
      "original_price": "$2.50",
      "image_url": "https://digital.loblaws.ca/PCX/20320525003_EA/en/1/6321106022_enfr_front_centre_marketing_1_GS1_Ecommerce_v1_1200.png",
      "valid": true,
      "error": "Missing",
      "page_url": "https://www.nofrills.ca/en/deals/flyer?page=17"
    },
    {
      "store": "nofrills",
      "name": "Pizza Pockets® Pepperoni",
      "price": "$7.50",
      "unit": "600 g, $1.25/100g",
      "original_price": "$8.75",
      "image_url": "https://digital.loblaws.ca/PCX/21047833_EA/en/1/21047833_en_front_v3_1200.png",
      "valid": true,
      "error": "Missing",
      "page_url": "https://www.nofrills.ca/en/deals/flyer?page=17"
    },
    {
      "store": "nofrills",
      "name": "Crunchy Apple Crisp  Granola  Bars 10 CT",
      "price": null,
      "unit": "210 g, $1.43/100g",
      "original_price": null,
      "image_url": "https://digital.loblaws.ca/PCX/21547746_EA/en/1/21547746_en_front_v2_1200.png",
      "valid": false,
      "error": "Missing price",
      "page_url": "https://www.nofrills.ca/en/deals/flyer?page=17"
    },
    {
      "store": "nofrills",
      "name": "Mix-Ups Chicken, Catnip & Cheddar Flavour Adult Cat Treats",
      "price": null,
      "unit": "454 g, $1.54/100g",
      "original_price": null,
      "image_url": "https://digital.loblaws.ca/PCX/21105449_EA/en/1/21105449_en_front_v1_1200.png",
      "valid": false,
      "error": "Missing price",
      "page_url": "https://www.nofrills.ca/en/deals/flyer?page=17"
    },
    {
      "store": "nofrills",
      "name": "Yogurt Duo Vanilla-Strawberry, Yogurt Tub 1.5%",
      "price": "$2.97",
      "unit": "650 g, $0.46/100g",
      "original_price": "$4.49",
      "image_url": "https://digital.loblaws.ca/PCX/21659463_EA/en/1/21659463_enfr_front_1200.png",
      "valid": true,
      "error": "Missing",
      "page_url": "https://www.nofrills.ca/en/deals/flyer?page=17"
    },
    {
      "store": "nofrills",
      "name": "Berry Pomegranate Liquid Water Enhancer",
      "price": "$3.00",
      "unit": "48 ml, $6.25/100ml",
      "original_price": "$3.25",
      "image_url": "https://digital.loblaws.ca/PCX/20565119003_EA/en/1/20565119003_enfr_front_v1_1200.png",
      "valid": true,
      "error": "Missing",
      "page_url": "https://www.nofrills.ca/en/deals/flyer?page=17"
    },
    {
      "store": "nofrills",
      "name": "Flaked White Tuna",
      "price": "$2.50",
      "unit": "170 g, $1.47/100g",
      "original_price": "$3.99",
      "image_url": "https://digital.loblaws.ca/PCX/21005216_EA/en/1/21005216_en_front_1200.png",
      "valid": true,
      "error": "Missing",
      "page_url": "https://www.nofrills.ca/en/deals/flyer?page=17"
    },
    {
      "store": "nofrills",
      "name": "Yogurt 9% Dessert Collection, Black Forest Cake",
      "price": "$3.25",
      "unit": "500 g, $0.65/100g",
      "original_price": "$3.50",
      "image_url": "https://digital.loblaws.ca/PCX/21648738_EA/en/1/21648738_en_front_1200.png",
      "valid": true,
      "error": "Missing",
      "page_url": "https://www.nofrills.ca/en/deals/flyer?page=17"
    },
    {
      "store": "nofrills",
      "name": "Crunchy Oats 'N' Honey , 10 Bars",
      "price": "$3.00",
      "unit": "210 g, $1.43/100g",
      "original_price": "$3.99",
      "image_url": "https://digital.loblaws.ca/PCX/21675994_EA/en/1/21675994_en_front_v1_1200.png",
      "valid": true,
      "error": "Missing",
      "page_url": "https://www.nofrills.ca/en/deals/flyer?page=17"
    },
    {
      "store": "nofrills",
      "name": "Raisin Bran Cereal Crunch",
      "price": null,
      "unit": "436 g, $1.26/100g",
      "original_price": null,
      "image_url": "https://digital.loblaws.ca/PCX/21594420_EA/en/1/6410014810_en_front_centre_marketing_GS1_Ecommerce_1200.png",
      "valid": false,
      "error": "Missing price",
      "page_url": "https://www.nofrills.ca/en/deals/flyer?page=17"
    },
    {
      "store": "nofrills",
      "name": "Scented Air Freshener Raspberry Gel",
      "price": "$1.00",
      "unit": "170 g, $0.59/100g",
      "original_price": "$1.25",
      "image_url": "https://digital.loblaws.ca/PCX/21405438_EA/en/1/6038301744_enfr_front_centre_marketing_GS1_Ecommerce_1200.png",
      "valid": true,
      "error": "Missing",
      "page_url": "https://www.nofrills.ca/en/deals/flyer?page=17"
    },
    {
      "store": "nofrills",
      "name": "Silverado Beef Chili With Beans",
      "price": "$2.75",
      "unit": "425 g, $0.65/100g",
      "original_price": "$3.79",
      "image_url": "https://digital.loblaws.ca/PCX/20300125004_EA/en/1/20300125004_en_front_1200.png",
      "valid": true,
      "error": "Missing",
      "page_url": "https://www.nofrills.ca/en/deals/flyer?page=17"
    },
    {
      "store": "nofrills",
      "name": "Spinach & Cheese Pasta Sauce",
      "price": null,
      "unit": "650 ml, $0.54/100ml",
      "original_price": null,
      "image_url": "https://digital.loblaws.ca/PCX/20131344004_EA/en/1/20131344004_en_front_1200.png",
      "valid": false,
      "error": "Missing price",
      "page_url": "https://www.nofrills.ca/en/deals/flyer?page=17"
    },
    {
      "store": "nofrills",
      "name": "Flakes of Turkey by Maple Leaf",
      "price": "$2.00",
      "unit": "156 g, $1.28/100g",
      "original_price": "$3.69",
      "image_url": "https://digital.loblaws.ca/PCX/20298273003_EA/en/1/20298273003_en_front_v1_1200.png",
      "valid": true,
      "error": "Missing",
      "page_url": "https://www.nofrills.ca/en/deals/flyer?page=17"
    },
    {
      "store": "nofrills",
      "name": "Bear Paws Sandwich Cookies Chocolate",
      "price": "$2.22",
      "unit": "168 g, $1.32/100g",
      "original_price": "$2.50",
      "image_url": "https://digital.loblaws.ca/PCX/21193743_EA/en/1/21193743_en_front_1200.png",
      "valid": true,
      "error": "Missing",
      "page_url": "https://www.nofrills.ca/en/deals/flyer?page=17"
    },
    {
      "store": "nofrills",
      "name": "Coffee Creamer Zero Sugar, Pumpkin Spice",
      "price": "$3.88",
      "unit": "946 ml, $0.41/100ml",
      "original_price": "$4.50",
      "image_url": "https://digital.loblaws.ca/PCX/21486331_EA/en/1/21486331_en_front_v4_1200.png",
      "valid": true,
      "error": "Missing",
      "page_url": "https://www.nofrills.ca/en/deals/flyer?page=17"
    },
    {
      "store": "nofrills",
      "name": "Sriracha Hot Chili Sauce Original",
      "price": "$4.49",
      "unit": "730 ml, $0.62/100ml",
      "original_price": "$4.99",
      "image_url": "https://digital.loblaws.ca/PCX/21499017_EA/en/1/21499017_en_front_1200.png",
      "valid": true,
      "error": "Missing",
      "page_url": "https://www.nofrills.ca/en/deals/flyer?page=17"
    },
    {
      "store": "nofrills",
      "name": "Tasty Chicken Flavour Adult Cat Treats",
      "price": null,
      "unit": "454 g, $1.54/100g",
      "original_price": null,
      "image_url": "https://digital.loblaws.ca/PCX/21012108_EA/en/1/21012108_en_front_v1_1200.png",
      "valid": false,
      "error": "Missing price",
      "page_url": "https://www.nofrills.ca/en/deals/flyer?page=17"
    },
    {
      "store": "nofrills",
      "name": "Scented Air Freshener Tropical Gel",
      "price": "$1.00",
      "unit": "170 g, $0.59/100g",
      "original_price": "$1.25",
      "image_url": "https://digital.loblaws.ca/PCX/21405450_EA/en/1/21405450_en_front_1200.png",
      "valid": true,
      "error": "Missing",
      "page_url": "https://www.nofrills.ca/en/deals/flyer?page=17"
    },
    {
      "store": "nofrills",
      "name": "Chili Seasoning Mix",
      "price": null,
      "unit": "35 g, $3.69/100g",
      "original_price": null,
      "image_url": "https://digital.loblaws.ca/PCX/20323721001_EA/en/1/20323721001_enfr_front_1200.png",
      "valid": false,
      "error": "Missing price",
      "page_url": "https://www.nofrills.ca/en/deals/flyer?page=17"
    },
    {
      "store": "nofrills",
      "name": "Prosciutto Cotto",
      "price": "$3.00",
      "unit": "125 g, $24.00/1kg $2.40/100g",
      "original_price": "$4.49",
      "image_url": "https://digital.loblaws.ca/PCX/20576742_EA/en/1/20576742_en_front_1200.png",
      "valid": true,
      "error": "Missing",
      "page_url": "https://www.nofrills.ca/en/deals/flyer?page=17"
    },
    {
      "store": "nofrills",
      "name": "Mac & Cheese Shredded Cheese Blend",
      "price": null,
      "unit": "320 g, $1.97/100g",
      "original_price": null,
      "image_url": "https://digital.loblaws.ca/PCX/21060199_EA/en/1/21060199_en_front_1200.png",
      "valid": false,
      "error": "Missing price",
      "page_url": "https://www.nofrills.ca/en/deals/flyer?page=17"
    },
    {
      "store": "nofrills",
      "name": "Crunchy Peanut Butter, 10 Bars",
      "price": "$3.00",
      "unit": "210 g, $1.43/100g",
      "original_price": "$3.99",
      "image_url": "https://digital.loblaws.ca/PCX/21675909_EA/en/1/21675909_en_front_v1_1200.png",
      "valid": true,
      "error": "Missing",
      "page_url": "https://www.nofrills.ca/en/deals/flyer?page=17"
    },
    {
      "store": "nofrills",
      "name": "Fruit Roll-Ups™ Variety Pack Jolly Rancher Green Apple and Watermelon",
      "price": null,
      "unit": "141 g, $2.13/100g",
      "original_price": null,
      "image_url": "https://digital.loblaws.ca/PCX/21283198_EA/en/1/21283198_en_front_v2_1200.png",
      "valid": false,
      "error": "Missing price",
      "page_url": "https://www.nofrills.ca/en/deals/flyer?page=17"
    },
    {
      "store": "nofrills",
      "name": "Mint Refresher Herbal Tea",
      "price": null,
      "unit": "20 ea, $0.15/1ea",
      "original_price": null,
      "image_url": "https://digital.loblaws.ca/PCX/20305370_EA/en/1/20305370_en_front_v1_1200.png",
      "valid": false,
      "error": "Missing price",
      "page_url": "https://www.nofrills.ca/en/deals/flyer?page=17"
    },
    {
      "store": "nofrills",
      "name": "FAST & FANCY Chinese Style Fried Rice",
      "price": "$1.00",
      "unit": "132 g, $0.76/100g",
      "original_price": "$1.79",
      "image_url": "https://digital.loblaws.ca/PCX/21397365_EA/en/1/21397365_enfr_front_v1_1200.png",
      "valid": true,
      "error": "Missing",
      "page_url": "https://www.nofrills.ca/en/deals/flyer?page=17"
    },
    {
      "store": "nofrills",
      "name": "Taco Seasoning Mix",
      "price": null,
      "unit": "35 g, $3.69/100g",
      "original_price": null,
      "image_url": "https://digital.loblaws.ca/PCX/20801021_EA/en/1/20801021_enfr_front_1200.png",
      "valid": false,
      "error": "Missing price",
      "page_url": "https://www.nofrills.ca/en/deals/flyer?page=17"
    },
    {
      "store": "nofrills",
      "name": "Brise du Matin Cheese",
      "price": "$5.00",
      "unit": "125 g, $4.00/100g",
      "original_price": "$6.99",
      "image_url": "https://digital.loblaws.ca/PCX/20315135_EA/en/1/20315135_en_front_1200.png",
      "valid": true,
      "error": "Missing",
      "page_url": "https://www.nofrills.ca/en/deals/flyer?page=17"
    },
    {
      "store": "nofrills",
      "name": "Antiperspirant Deodorant, Fresh Infusions, Strawberry Splash",
      "price": "$2.50",
      "unit": "45 g, $6.67/100g",
      "original_price": null,
      "image_url": "https://digital.loblaws.ca/PCX/20432338001_EA/en/1/5800000681_enfr_front_centre_marketing_A_1_GS1_Ecommerce_1200.png",
      "valid": true,
      "error": "Missing",
      "page_url": "https://www.nofrills.ca/en/deals/flyer?page=17"
    },
    {
      "store": "nofrills",
      "name": "Crunchy Granola Bars, Maple Brown Sugar, 42 g, 5 ct, 10 bars",
      "price": null,
      "unit": "210 g, $1.43/100g",
      "original_price": null,
      "image_url": "https://digital.loblaws.ca/PCX/21213548_EA/en/1/21213548_en_front_v1_1200.png",
      "valid": false,
      "error": "Missing price",
      "page_url": "https://www.nofrills.ca/en/deals/flyer?page=17"
    },
    {
      "store": "nofrills",
      "name": "Smoked Ham Mini Charcuterie",
      "price": "$3.00",
      "unit": "75 g, $4.00/100g",
      "original_price": "$3.99",
      "image_url": "https://digital.loblaws.ca/PCX/21633712_EA/en/1/21633712_enfr_front_v1_1200.png",
      "valid": true,
      "error": "Missing",
      "page_url": "https://www.nofrills.ca/en/deals/flyer?page=17"
    },
    {
      "store": "nofrills",
      "name": "Chai Black Tea",
      "price": null,
      "unit": "20 ea",
      "original_price": null,
      "image_url": "https://digital.loblaws.ca/PCX/20296026_EA/en/1/6038398783_en_front_centre_marketing_GS1_Ecommerce_1200.png",
      "valid": false,
      "error": "Missing price",
      "page_url": "https://www.nofrills.ca/en/deals/flyer?page=17"
    },
    {
      "store": "nofrills",
      "name": "Friskies Gravy Swirlers Assorted Flavours, Dry Cat Food",
      "price": "$5.50",
      "unit": "1.42 kg, $0.39/100g",
      "original_price": "$6.29",
      "image_url": "https://digital.loblaws.ca/PCX/21101548_EA/en/1/21101548_en_front_1200.png",
      "valid": true,
      "error": "Missing",
      "page_url": "https://www.nofrills.ca/en/deals/flyer?page=17"
    },
    {
      "store": "nofrills",
      "name": "Frozen Yogurt 3 Of a Kind Vanilla",
      "price": "$6.00",
      "unit": "2 l, $0.30/100ml",
      "original_price": "$7.50",
      "image_url": "https://digital.loblaws.ca/PCX/21082102_EA/en/1/21082102_en_front_v1_1200.png",
      "valid": true,
      "error": "Missing",
      "page_url": "https://www.nofrills.ca/en/deals/flyer?page=17"
    },
    {
      "store": "nofrills",
      "name": "Bear Paws Veggies + Fruits Strawberry & Yogourt Cookies",
      "price": "$2.22",
      "unit": "168 g, $1.32/100g",
      "original_price": "$2.50",
      "image_url": "https://digital.loblaws.ca/PCX/21435891_EA/en/1/6334802220_en_front_centre_marketing_GS1_Marketing_1200.png",
      "valid": true,
      "error": "Missing",
      "page_url": "https://www.nofrills.ca/en/deals/flyer?page=17"
    },
    {
      "store": "nofrills",
      "name": "Fruit Snacks, Animated Edition",
      "price": null,
      "unit": "226 g, $1.33/100g",
      "original_price": null,
      "image_url": "https://digital.loblaws.ca/PCX/20887514_EA/en/1/20887514_en_front_v1_1200.png",
      "valid": false,
      "error": "Missing price",
      "page_url": "https://www.nofrills.ca/en/deals/flyer?page=17"
    },
    {
      "store": "nofrills",
      "name": "Kool Aid Jammers Orange",
      "price": "$3.00",
      "unit": "10x180.0 ml, $0.17/100ml",
      "original_price": "$4.00",
      "image_url": "https://digital.loblaws.ca/PCX/20079976005_EA/en/1/20079976005_enfr_front_v1_1200.png",
      "valid": true,
      "error": "Missing",
      "page_url": "https://www.nofrills.ca/en/deals/flyer?page=17"
    },
    {
      "store": "nofrills",
      "name": "Calorie-Wise Rancher's Choice Salad Dressing",
      "price": null,
      "unit": "425 ml, $0.71/100ml",
      "original_price": null,
      "image_url": "https://digital.loblaws.ca/PCX/21583782_EA/en/1/21583782_en_front_1200.png",
      "valid": false,
      "error": "Missing price",
      "page_url": "https://www.nofrills.ca/en/deals/flyer?page=17"
    },
    {
      "store": "nofrills",
      "name": "Frozen Yogurt Maple Walnut",
      "price": "$6.00",
      "unit": "2 l, $0.30/100ml",
      "original_price": "$7.50",
      "image_url": "https://digital.loblaws.ca/PCX/20314434008_EA/en/1/20314434008_en_front_v2_1200.png",
      "valid": true,
      "error": "Missing",
      "page_url": "https://www.nofrills.ca/en/deals/flyer?page=17"
    },
    {
      "store": "nofrills",
      "name": "Liquid White Squeeze Pure Natural Honey",
      "price": "$11.50",
      "unit": "1 kg, $1.15/100g",
      "original_price": "$11.99",
      "image_url": "https://digital.loblaws.ca/PCX/20724506_EA/en/1/20724506_enfr_front_v1_1200.png",
      "valid": true,
      "error": "Missing",
      "page_url": "https://www.nofrills.ca/en/deals/flyer?page=17"
    },
    {
      "store": "nofrills",
      "name": "Pickling Spice",
      "price": null,
      "unit": "110 g, $4.08/100g",
      "original_price": null,
      "image_url": "https://digital.loblaws.ca/PCX/20346462_EA/en/1/20346462_enfr_front_1200.png",
      "valid": false,
      "error": "Missing price",
      "page_url": "https://www.nofrills.ca/en/deals/flyer?page=17"
    },
    {
      "store": "nofrills",
      "name": "Creamy Cashew Milk Alternative, Unsweetened, Vanilla Flavour",
      "price": "$3.75",
      "unit": "1.89 l, $0.20/100ml",
      "original_price": "$4.00",
      "image_url": "https://digital.loblaws.ca/PCX/20914285_EA/en/1/20914285_en_front_1200.png",
      "valid": true,
      "error": "Missing",
      "page_url": "https://www.nofrills.ca/en/deals/flyer?page=17"
    },
    {
      "store": "nofrills",
      "name": "Whipped Frosting, Fluffy White Vanilla, Gluten Free",
      "price": null,
      "unit": "340 g, $0.67/100g",
      "original_price": null,
      "image_url": "https://digital.loblaws.ca/PCX/20562641003_EA/en/1/20562641003_en_front_v1_1200.png",
      "valid": false,
      "error": "Missing price",
      "page_url": "https://www.nofrills.ca/en/deals/flyer?page=17"
    },
    {
      "store": "nofrills",
      "name": "Our Stampede Pork Back Ribs Fast & Fabulous Texas Barbecue",
      "price": null,
      "unit": "680 g, $1.47/100g",
      "original_price": null,
      "image_url": "https://digital.loblaws.ca/PCX/21669038_EA/en/1/21669038_en_front_1200.png",
      "valid": false,
      "error": "Missing price",
      "page_url": "https://www.nofrills.ca/en/deals/flyer?page=18"
    },
    {
      "store": "nofrills",
      "name": "Frosted Flakes Cereal Strawberry Milkshake Flavour",
      "price": "$3.50",
      "unit": "350 g, $1.00/100g",
      "original_price": "$5.00",
      "image_url": "https://digital.loblaws.ca/PCX/21651901_EA/en/1/5972410220_en_front_centre_marketing_1_GS1_Ecommerce_1200.png",
      "valid": true,
      "error": "Missing",
      "page_url": "https://www.nofrills.ca/en/deals/flyer?page=18"
    },
    {
      "store": "nofrills",
      "name": "Household Cleanser With Bleach",
      "price": null,
      "unit": "400 g, $0.25/100g",
      "original_price": null,
      "image_url": "https://digital.loblaws.ca/PCX/20085278_EA/en/1/6038365708_en_front_centre_marketing_GS1_Ecommerce_1200.png",
      "valid": false,
      "error": "Missing price",
      "page_url": "https://www.nofrills.ca/en/deals/flyer?page=18"
    },
    {
      "store": "nofrills",
      "name": "Classic Soup Tomato Vegetable Dry Soup Mix, No Artificial Flavours & Low Fat",
      "price": "$2.25",
      "unit": "145 g, $1.55/100g",
      "original_price": "$2.50",
      "image_url": "https://digital.loblaws.ca/PCX/20308188002_EA/en/1/6840000021_enfr_front_centre_marketing_GS1_Ecommerce_1200.png",
      "valid": true,
      "error": "Missing",
      "page_url": "https://www.nofrills.ca/en/deals/flyer?page=18"
    },
    {
      "store": "nofrills",
      "name": "Ginger Peach Herbal Tea",
      "price": null,
      "unit": "20 ea",
      "original_price": null,
      "image_url": "https://digital.loblaws.ca/PCX/20627616002_EA/en/1/6038398785_en_front_centre_marketing_GS1_Ecommerce_1200.png",
      "valid": false,
      "error": "Missing price",
      "page_url": "https://www.nofrills.ca/en/deals/flyer?page=18"
    },
    {
      "store": "nofrills",
      "name": "Naturally Imperfect Pineapple, Banana, and Mango Fruit Blend",
      "price": null,
      "unit": "400 g, $0.75/100g",
      "original_price": null,
      "image_url": "https://digital.loblaws.ca/PCX/21545101_EA/en/1/21545101_en_front_1200.png",
      "valid": false,
      "error": "Missing price",
      "page_url": "https://www.nofrills.ca/en/deals/flyer?page=18"
    },
    {
      "store": "nofrills",
      "name": "Yogurt Duo Strawberry-Peach, Yogurt Tub 1.5%",
      "price": "$2.97",
      "unit": "650 g, $0.46/100g",
      "original_price": "$4.49",
      "image_url": "https://digital.loblaws.ca/PCX/21659378_EA/en/1/21659378_enfr_front_1200.png",
      "valid": true,
      "error": "Missing",
      "page_url": "https://www.nofrills.ca/en/deals/flyer?page=18"
    },
    {
      "store": "nofrills",
      "name": "Pacific Punch",
      "price": null,
      "unit": "473 ml, $0.63/100ml",
      "original_price": null,
      "image_url": "https://digital.loblaws.ca/PCX/21193993_EA/en/1/21193993_en_front_1200.png",
      "valid": false,
      "error": "Missing price",
      "page_url": "https://www.nofrills.ca/en/deals/flyer?page=18"
    },
    {
      "store": "nofrills",
      "name": "Mini Wheats Mini Wheat Minis Cereal Original",
      "price": null,
      "unit": "430 g, $1.28/100g",
      "original_price": null,
      "image_url": "https://digital.loblaws.ca/PCX/21607199_EA/en/1/21607199_en_front_1200.png",
      "valid": false,
      "error": "Missing price",
      "page_url": "https://www.nofrills.ca/en/deals/flyer?page=18"
    },
    {
      "store": "nofrills",
      "name": "Sloppy Joes, Gluten-Free Seasoning Mix",
      "price": null,
      "unit": "37 g, $3.49/100g",
      "original_price": null,
      "image_url": "https://digital.loblaws.ca/PCX/20323721007_EA/en/1/20323721007_en_front_1200.png",
      "valid": false,
      "error": "Missing price",
      "page_url": "https://www.nofrills.ca/en/deals/flyer?page=18"
    },
    {
      "store": "nofrills",
      "name": "Special K Red Berries Cereal",
      "price": null,
      "unit": "320 g, $1.97/100g",
      "original_price": null,
      "image_url": "https://digital.loblaws.ca/PCX/20647161_EA/en/1/20647161_en_front_1200.png",
      "valid": false,
      "error": "Missing price",
      "page_url": "https://www.nofrills.ca/en/deals/flyer?page=18"
    },
    {
      "store": "nofrills",
      "name": "Calorie-Wise Creamy Poppyseed Salad Dressing",
      "price": null,
      "unit": "425 ml, $0.71/100ml",
      "original_price": null,
      "image_url": "https://digital.loblaws.ca/PCX/21583701_EA/en/1/21583701_enfr_front_v1_1200.png",
      "valid": false,
      "error": "Missing price",
      "page_url": "https://www.nofrills.ca/en/deals/flyer?page=18"
    },
    {
      "store": "nofrills",
      "name": "Mango Sorbet",
      "price": "$6.00",
      "unit": "2 l, $0.30/100ml",
      "original_price": "$7.50",
      "image_url": "https://digital.loblaws.ca/PCX/20950028_EA/en/1/20950028_en_front_v1_1200.png",
      "valid": true,
      "error": "Missing",
      "page_url": "https://www.nofrills.ca/en/deals/flyer?page=18"
    },
    {
      "store": "nofrills",
      "name": "Crispy Minis Korean BBQ Flavour Brown Rice Cakes",
      "price": "$2.50",
      "unit": "90 g, $2.78/100g",
      "original_price": "$3.79",
      "image_url": "https://digital.loblaws.ca/PCX/21631120_EA/en/1/21631120_enfr_front_1200.png",
      "valid": true,
      "error": "Missing",
      "page_url": "https://www.nofrills.ca/en/deals/flyer?page=18"
    },
    {
      "store": "nofrills",
      "name": "Baby Napa (Sweet Napa)",
      "price": "about $3.14",
      "unit": "$4.39/1kg $1.99/1lb",
      "original_price": "$3.93",
      "image_url": "https://digital.loblaws.ca/PCX/21024088001_KG/en/1/21024088001_enfr_front_v1_1200.png",
      "valid": true,
      "error": "Missing",
      "page_url": "https://www.nofrills.ca/en/deals/flyer?page=18"
    },
    {
      "store": "nofrills",
      "name": "Tortellini, Chicken Bacon",
      "price": "$5.00",
      "unit": "450 g, $1.11/100g",
      "original_price": "$5.99",
      "image_url": "https://digital.loblaws.ca/PCX/20651922_EA/en/1/20651922_enfr_front_v1_1200.png",
      "valid": true,
      "error": "Missing",
      "page_url": "https://www.nofrills.ca/en/deals/flyer?page=18"
    },
    {
      "store": "nofrills",
      "name": "Vector Cereal Maple Crunch",
      "price": null,
      "unit": "306 g, $2.06/100g",
      "original_price": null,
      "image_url": "https://digital.loblaws.ca/PCX/21350317_EA/en/1/6410013751_en_front_centre_marketing_1_GS1_Ecommerce_1200.png",
      "valid": false,
      "error": "Missing price",
      "page_url": "https://www.nofrills.ca/en/deals/flyer?page=18"
    },
    {
      "store": "nofrills",
      "name": "Forever Lemon, Sparkling Water Beverage",
      "price": "$7.00",
      "unit": "8x330.0 ml, $0.27/100ml",
      "original_price": "$8.00",
      "image_url": "https://digital.loblaws.ca/PCX/21575556_C08/en/1/21575556_en_front_v1_1200.png",
      "valid": true,
      "error": "Missing",
      "page_url": "https://www.nofrills.ca/en/deals/flyer?page=18"
    },
    {
      "store": "nofrills",
      "name": "Light Marble Cheddar Cheese",
      "price": "$3.00",
      "unit": "200 g, $1.50/100g",
      "original_price": "$3.79",
      "image_url": "https://digital.loblaws.ca/PCX/20298441001_EA/en/1/20298441001_en_front_1200.png",
      "valid": true,
      "error": "Missing",
      "page_url": "https://www.nofrills.ca/en/deals/flyer?page=18"
    },
    {
      "store": "nofrills",
      "name": "3.25% Protein Milk Beverage",
      "price": null,
      "unit": "1.89 l, $0.29/100ml",
      "original_price": null,
      "image_url": "https://digital.loblaws.ca/PCX/21554245_EA/en/1/21554245_en_front_1200.png",
      "valid": false,
      "error": "Missing price",
      "page_url": "https://www.nofrills.ca/en/deals/flyer?page=18"
    },
    {
      "store": "nofrills",
      "name": "Wheat Thins Spinach And Roasted Garlic Crackers",
      "price": null,
      "unit": "175 g, $1.43/100g",
      "original_price": null,
      "image_url": "https://digital.loblaws.ca/PCX/20570091002_EA/en/1/6672100113_en_front_centre_marketing_A_1_GS1_Ecommerce_v1_1200.png",
      "valid": false,
      "error": "Missing price",
      "page_url": "https://www.nofrills.ca/en/deals/flyer?page=18"
    },
    {
      "store": "nofrills",
      "name": "Bear Paws Veggies + Fruits Oatmeal Cookies",
      "price": "$2.22",
      "unit": "168 g, $1.32/100g",
      "original_price": "$2.50",
      "image_url": "https://digital.loblaws.ca/PCX/21358213_EA/en/1/6334802210_en_front_centre_marketing_1_GS1_Ecommerce_v1_1200.png",
      "valid": true,
      "error": "Missing",
      "page_url": "https://www.nofrills.ca/en/deals/flyer?page=18"
    },
    {
      "store": "nofrills",
      "name": "Watermelon Liquid Drink Mix",
      "price": "$3.00",
      "unit": "48 ml, $6.25/100ml",
      "original_price": "$3.25",
      "image_url": "https://digital.loblaws.ca/PCX/20955645_EA/en/1/20955645_en_front_1200.png",
      "valid": true,
      "error": "Missing",
      "page_url": "https://www.nofrills.ca/en/deals/flyer?page=18"
    },
    {
      "store": "nofrills",
      "name": "Medium Heavy Duty Freezer Bags",
      "price": null,
      "unit": "38 ea, $0.18/1ea",
      "original_price": null,
      "image_url": "https://digital.loblaws.ca/PCX/21160679_EA/en/1/21160679_en_front_1200.png",
      "valid": false,
      "error": "Missing price",
      "page_url": "https://www.nofrills.ca/en/deals/flyer?page=18"
    },
    {
      "store": "nofrills",
      "name": "Marvel Spidey and His Amazing Friends Macaroni & Cheese, with Real Cheddar",
      "price": "$2.00",
      "unit": "170 g, $1.18/100g",
      "original_price": "$2.50",
      "image_url": "https://digital.loblaws.ca/PCX/21552198_EA/en/1/21552198_enfr_front_1200.png",
      "valid": true,
      "error": "Missing",
      "page_url": "https://www.nofrills.ca/en/deals/flyer?page=18"
    },
    {
      "store": "nofrills",
      "name": "Dynamite Hot Chili With Beans",
      "price": "$2.75",
      "unit": "425 g, $0.65/100g",
      "original_price": "$3.79",
      "image_url": "https://digital.loblaws.ca/PCX/20300125001_EA/en/1/20300125001_en_front_1200.png",
      "valid": true,
      "error": "Missing",
      "page_url": "https://www.nofrills.ca/en/deals/flyer?page=18"
    },
    {
      "store": "nofrills",
      "name": "Razzleberry",
      "price": "$7.00",
      "unit": "12x341.0 ml, $0.17/100ml",
      "original_price": "$8.00",
      "image_url": "https://digital.loblaws.ca/PCX/21242490_C12/en/1/21242490_en_front_v1_1200.png",
      "valid": true,
      "error": "Missing",
      "page_url": "https://www.nofrills.ca/en/deals/flyer?page=18"
    },
    {
      "store": "nofrills",
      "name": "Iced Tea Lemon",
      "price": null,
      "unit": "20x341.0 ml, $0.19/100ml",
      "original_price": null,
      "image_url": "https://digital.loblaws.ca/PCX/21645524_C20/en/1/8079379368_en_front_centre_marketing_1_GS1_Ecommerce_1200.png",
      "valid": false,
      "error": "Missing price",
      "page_url": "https://www.nofrills.ca/en/deals/flyer?page=18"
    },
    {
      "store": "nofrills",
      "name": "Lunchbox Granola Bars, Caramel Chocolate, Kids Snacks, 5 ct",
      "price": null,
      "unit": "130 g, $2.31/100g",
      "original_price": null,
      "image_url": "https://digital.loblaws.ca/PCX/21371246_EA/en/1/21371246_en_front_v1_1200.png",
      "valid": false,
      "error": "Missing price",
      "page_url": "https://www.nofrills.ca/en/deals/flyer?page=18"
    },
    {
      "store": "nofrills",
      "name": "Lemonade Bottle",
      "price": null,
      "unit": "340 ml, $0.59/100ml",
      "original_price": null,
      "image_url": "https://digital.loblaws.ca/PCX/20766577_EA/en/1/20766577_en_front_1200.png",
      "valid": false,
      "error": "Missing price",
      "page_url": "https://www.nofrills.ca/en/deals/flyer?page=18"
    },
    {
      "store": "nofrills",
      "name": "Whole Chicken Halal",
      "price": null,
      "unit": "1.7 kg, $0.88/100g",
      "original_price": null,
      "image_url": "https://digital.loblaws.ca/PCX/21542436_EA/en/1/21542436_en_front_1200.png",
      "valid": false,
      "error": "Missing price",
      "page_url": "https://www.nofrills.ca/en/deals/flyer?page=18"
    },
    {
      "store": "nofrills",
      "name": "Chicken Pot Pie",
      "price": "$8.00",
      "unit": "800 g, $1.00/100g",
      "original_price": "$9.99",
      "image_url": "https://digital.loblaws.ca/PCX/20719298_EA/en/1/20719298_en_front_1200.png",
      "valid": true,
      "error": "Missing",
      "page_url": "https://www.nofrills.ca/en/deals/flyer?page=18"
    },
    {
      "store": "nofrills",
      "name": "Pink Lady Apples",
      "price": null,
      "unit": "1.36 kg, $0.44/100g",
      "original_price": null,
      "image_url": "https://assets.loblaws.ca/pcx_bronx_fe_assets/images/common/coming-soon-en-web.png",
      "valid": false,
      "error": "Missing price",
      "page_url": "https://www.nofrills.ca/en/deals/flyer?page=18"
    },
    {
      "store": "nofrills",
      "name": "Energy Peach Mango Energy Drink Mix",
      "price": "$3.00",
      "unit": "22 g, $13.64/100g",
      "original_price": "$3.25",
      "image_url": "https://digital.loblaws.ca/PCX/21588366_EA/en/1/21588366_en_front_1200.png",
      "valid": true,
      "error": "Missing",
      "page_url": "https://www.nofrills.ca/en/deals/flyer?page=18"
    },
    {
      "store": "nofrills",
      "name": "Friskies Grillers Tender and Crunchy Combo Assorted Flavours, Dry Cat Food",
      "price": "$5.50",
      "unit": "1.4 kg, $0.39/100g",
      "original_price": "$6.29",
      "image_url": "https://digital.loblaws.ca/PCX/21101556_EA/en/1/21101556_en_front_v1_1200.png",
      "valid": true,
      "error": "Missing",
      "page_url": "https://www.nofrills.ca/en/deals/flyer?page=18"
    },
    {
      "store": "nofrills",
      "name": "Liquid Fabric Softener, Aroma Therapy Calm",
      "price": "$7.99",
      "unit": "3.5 l, $0.23/100ml",
      "original_price": "$11.99",
      "image_url": "https://digital.loblaws.ca/PCX/21311735_EA/en/1/21311735_enfr_front_v1_1200.png",
      "valid": true,
      "error": "Missing",
      "page_url": "https://www.nofrills.ca/en/deals/flyer?page=18"
    },
    {
      "store": "nofrills",
      "name": "Chopped Kit Asian",
      "price": "$4.99",
      "unit": "369 g, $1.35/100g",
      "original_price": "$5.99",
      "image_url": "https://digital.loblaws.ca/PCX/21648759_EA/en/1/21648759_enfr_front_1200.png",
      "valid": true,
      "error": "Missing",
      "page_url": "https://www.nofrills.ca/en/deals/flyer?page=18"
    },
    {
      "store": "nofrills",
      "name": "1% Buttermilk",
      "price": "$5.00",
      "unit": "2 l, $0.25/100ml",
      "original_price": "$5.52",
      "image_url": "https://digital.loblaws.ca/PCX/20909873_EA/en/1/20909873_en_front_1200.png",
      "valid": true,
      "error": "Missing",
      "page_url": "https://www.nofrills.ca/en/deals/flyer?page=18"
    },
    {
      "store": "nofrills",
      "name": "Forever Lime, Sparkling Water Beverage, Natural Lime Flavour, No Calories, No Sweeteners, No Sodium, Sourced & Bottled In France",
      "price": "$7.00",
      "unit": "8x330.0 ml, $0.27/100ml",
      "original_price": "$8.00",
      "image_url": "https://digital.loblaws.ca/PCX/21576465_C08/en/1/21576465_en_front_v1_1200.png",
      "valid": true,
      "error": "Missing",
      "page_url": "https://www.nofrills.ca/en/deals/flyer?page=18"
    },
    {
      "store": "nofrills",
      "name": "Au Jus Dipping Sauce Mix",
      "price": null,
      "unit": "21 g, $6.14/100g",
      "original_price": null,
      "image_url": "https://digital.loblaws.ca/PCX/20302378003_EA/en/1/20302378003_enfr_front_1200.png",
      "valid": false,
      "error": "Missing price",
      "page_url": "https://www.nofrills.ca/en/deals/flyer?page=18"
    },
    {
      "store": "nofrills",
      "name": "Frozen Yogurt Canadian Peaches & Cream",
      "price": "$6.00",
      "unit": "2 l, $0.30/100ml",
      "original_price": "$7.50",
      "image_url": "https://digital.loblaws.ca/PCX/21428892_EA/en/1/21428892_en_front_v1_1200.png",
      "valid": true,
      "error": "Missing",
      "page_url": "https://www.nofrills.ca/en/deals/flyer?page=18"
    },
    {
      "store": "nofrills",
      "name": "Drink Mix Liquid Blueberry Razz",
      "price": "$3.00",
      "unit": "48 ml, $6.25/100ml",
      "original_price": "$3.25",
      "image_url": "https://digital.loblaws.ca/PCX/21664767_EA/en/1/21664767_enfr_front_1200.png",
      "valid": true,
      "error": "Missing",
      "page_url": "https://www.nofrills.ca/en/deals/flyer?page=18"
    },
    {
      "store": "nofrills",
      "name": "Chewy Trail Mix Granola Bars, Coconut Dark Chocolate, 5 ct",
      "price": null,
      "unit": "160 g, $1.88/100g",
      "original_price": null,
      "image_url": "https://digital.loblaws.ca/PCX/21165492_EA/en/1/21165492_en_front_v2_1200.png",
      "valid": false,
      "error": "Missing price",
      "page_url": "https://www.nofrills.ca/en/deals/flyer?page=18"
    },
    {
      "store": "nofrills",
      "name": "Nano Frozen Yogurt Pops, Mixed Berry, Real Fruit",
      "price": "$6.00",
      "unit": "400 ml, $1.50/100ml",
      "original_price": "$6.50",
      "image_url": "https://digital.loblaws.ca/PCX/21650513_EA/en/1/21650513_enfr_front_1200.png",
      "valid": true,
      "error": "Missing",
      "page_url": "https://www.nofrills.ca/en/deals/flyer?page=18"
    },
    {
      "store": "nofrills",
      "name": "Light, 18 Pack",
      "price": "$11.00",
      "unit": "360 g, $0.51/100g",
      "original_price": "$13.49",
      "image_url": "https://digital.loblaws.ca/PCX/20574335_EA/en/1/20574335_en_front_1200.png",
      "valid": true,
      "error": "Missing",
      "page_url": "https://www.nofrills.ca/en/deals/flyer?page=18"
    },
    {
      "store": "nofrills",
      "name": "Lactose-Free Marble Cheese Sticks, 9 units",
      "price": "$6.00",
      "unit": "189 g, $3.17/100g",
      "original_price": "$6.79",
      "image_url": "https://digital.loblaws.ca/PCX/21537373_EA/en/1/21537373_enfr_front_v2_1200.png",
      "valid": true,
      "error": "Missing",
      "page_url": "https://www.nofrills.ca/en/deals/flyer?page=18"
    },
    {
      "store": "nofrills",
      "name": "CREAMY PURRRR-ÉE Cat Treats, Chicken",
      "price": null,
      "unit": "48 g, $5.81/100g",
      "original_price": null,
      "image_url": "https://digital.loblaws.ca/PCX/21479803_EA/en/1/5849645729_enfr_front_centre_marketing_GS1_Ecommerce_1200.png",
      "valid": false,
      "error": "Missing price",
      "page_url": "https://www.nofrills.ca/en/deals/flyer?page=18"
    },
    {
      "store": "nofrills",
      "name": "Healing Jelly Original 100% pure petroleum jelly",
      "price": null,
      "unit": "375 g, $1.54/100g",
      "original_price": null,
      "image_url": "https://digital.loblaws.ca/PCX/20184304001_EA/en/1/20184304001_en_front_1200.png",
      "valid": false,
      "error": "Missing price",
      "page_url": "https://www.nofrills.ca/en/deals/flyer?page=18"
    },
    {
      "store": "nofrills",
      "name": "Mini Wheats Cereal Strawberry",
      "price": null,
      "unit": "390 g, $1.41/100g",
      "original_price": null,
      "image_url": "https://digital.loblaws.ca/PCX/21651989_EA/en/1/5972410162_en_front_centre_marketing_1_GS1_Ecommerce_1200.png",
      "valid": false,
      "error": "Missing price",
      "page_url": "https://www.nofrills.ca/en/deals/flyer?page=19"
    },
    {
      "store": "nofrills",
      "name": "Tomato Ketchup Low Sodium",
      "price": null,
      "unit": "750 ml, $0.67/100ml",
      "original_price": null,
      "image_url": "https://digital.loblaws.ca/PCX/20031752_EA/en/1/20031752_en_front_1200.png",
      "valid": false,
      "error": "Missing price",
      "page_url": "https://www.nofrills.ca/en/deals/flyer?page=19"
    },
    {
      "store": "nofrills",
      "name": "Super Moist Cake Mix Cherry Chips",
      "price": null,
      "unit": "375 g, $0.61/100g",
      "original_price": null,
      "image_url": "https://digital.loblaws.ca/PCX/21547847_EA/en/1/21547847_en_front_1200.png",
      "valid": false,
      "error": "Missing price",
      "page_url": "https://www.nofrills.ca/en/deals/flyer?page=19"
    },
    {
      "store": "nofrills",
      "name": "Hot Taco Seasoning Mix",
      "price": null,
      "unit": "24 g, $4.17/100g",
      "original_price": null,
      "image_url": "https://digital.loblaws.ca/PCX/21311200_EA/en/1/21311200_en_front_1200.png",
      "valid": false,
      "error": "Missing price",
      "page_url": "https://www.nofrills.ca/en/deals/flyer?page=19"
    },
    {
      "store": "nofrills",
      "name": "Extra Large Heavy Duty Freezer Bags",
      "price": null,
      "unit": "10 ea, $0.70/1ea",
      "original_price": null,
      "image_url": "https://digital.loblaws.ca/PCX/21160678_EA/en/1/21160678_en_front_1200.png",
      "valid": false,
      "error": "Missing price",
      "page_url": "https://www.nofrills.ca/en/deals/flyer?page=19"
    },
    {
      "store": "nofrills",
      "name": "Smart Fiesta Burrito Dinner Kit",
      "price": "$3.47",
      "unit": "510 g, $0.68/100g",
      "original_price": "$3.99",
      "image_url": "https://digital.loblaws.ca/PCX/20250477004_EA/en/1/20250477004_en_front_v2_1200.png",
      "valid": true,
      "error": "Missing",
      "page_url": "https://www.nofrills.ca/en/deals/flyer?page=19"
    },
    {
      "store": "nofrills",
      "name": "Rich Taste-Organic Extra Virgin Olive Oil",
      "price": "$10.99",
      "unit": "750 ml, $1.47/100ml",
      "original_price": "$17.99",
      "image_url": "https://digital.loblaws.ca/PCX/21039665_EA/en/1/21039665_en_front_1200.png",
      "valid": true,
      "error": "Missing",
      "page_url": "https://www.nofrills.ca/en/deals/flyer?page=19"
    },
    {
      "store": "nofrills",
      "name": "Strawberry Banana Cocktail",
      "price": "$2.00",
      "unit": "8x200.0 ml, $0.13/100ml",
      "original_price": "$3.50",
      "image_url": "https://digital.loblaws.ca/PCX/20315996004_EA/en/8/5641270812_en_front_noPlunge_ecomm_GS1_Ecommerce_1200.png",
      "valid": true,
      "error": "Missing",
      "page_url": "https://www.nofrills.ca/en/deals/flyer?page=19"
    },
    {
      "store": "nofrills",
      "name": "Scoop Shop Birthday Cake Ice Cream",
      "price": "$3.00",
      "unit": "946 ml, $0.32/100ml",
      "original_price": "$5.00",
      "image_url": "https://digital.loblaws.ca/PCX/21575127_EA/en/1/21575127_en_front_1200.png",
      "valid": true,
      "error": "Missing",
      "page_url": "https://www.nofrills.ca/en/deals/flyer?page=19"
    },
    {
      "store": "nofrills",
      "name": "Honey Whole Wheat",
      "price": "$3.00",
      "unit": "675 g, $0.44/100g",
      "original_price": "$3.49",
      "image_url": "https://digital.loblaws.ca/PCX/21666537_EA/en/1/21666537_en_front_v2_1200.png",
      "valid": true,
      "error": "Missing",
      "page_url": "https://www.nofrills.ca/en/deals/flyer?page=19"
    },
    {
      "store": "nofrills",
      "name": "Singles, Iced Tea",
      "price": null,
      "unit": "26 g, $11.54/100g",
      "original_price": null,
      "image_url": "https://digital.loblaws.ca/PCX/20301288_EA/en/1/20301288_en_front_1200.png",
      "valid": false,
      "error": "Missing price",
      "page_url": "https://www.nofrills.ca/en/deals/flyer?page=19"
    },
    {
      "store": "nofrills",
      "name": "Oat Milk Alternative, Vanilla, Unsweetened, Dairy-free",
      "price": "$3.75",
      "unit": "1.75 l, $0.21/100ml",
      "original_price": "$4.00",
      "image_url": "https://digital.loblaws.ca/PCX/21396344_EA/en/1/21396344_en_front_v1_1200.png",
      "valid": true,
      "error": "Missing",
      "page_url": "https://www.nofrills.ca/en/deals/flyer?page=19"
    },
    {
      "store": "nofrills",
      "name": "Beer-Battered Chicken",
      "price": "$4.50",
      "unit": "411 g, $1.09/100g",
      "original_price": "$6.00",
      "image_url": "https://digital.loblaws.ca/PCX/20545632_EA/en/1/20545632_en_front_1200.png",
      "valid": true,
      "error": "Missing",
      "page_url": "https://www.nofrills.ca/en/deals/flyer?page=19"
    },
    {
      "store": "nofrills",
      "name": "Crunchy Granola Bars, Oats 'n Dark Chocolate, 5 ct, 10 bars",
      "price": null,
      "unit": "210 g, $1.43/100g",
      "original_price": null,
      "image_url": "https://digital.loblaws.ca/PCX/21164565_EA/en/1/21164565_en_front_v1_1200.png",
      "valid": false,
      "error": "Missing price",
      "page_url": "https://www.nofrills.ca/en/deals/flyer?page=19"
    },
    {
      "store": "nofrills",
      "name": "Simply Liquid Laundry Detergent, Free & Sensitive Scent, 70 Loads",
      "price": "$7.99",
      "unit": "2.72 l, $0.29/100ml",
      "original_price": "$12.99",
      "image_url": "https://digital.loblaws.ca/PCX/21670747_EA/en/1/21670747_en_front_1200.png",
      "valid": true,
      "error": "Missing",
      "page_url": "https://www.nofrills.ca/en/deals/flyer?page=19"
    },
    {
      "store": "nofrills",
      "name": "Total Advanced Gum Protection Toothpaste",
      "price": "$2.50",
      "unit": "70 ml, $4.29/100ml",
      "original_price": null,
      "image_url": "https://digital.loblaws.ca/PCX/21399906_EA/en/1/3500099390_en_front_centre_marketing_1_GS1_Ecommerce_v1_1200.png",
      "valid": true,
      "error": "Missing",
      "page_url": "https://www.nofrills.ca/en/deals/flyer?page=19"
    },
    {
      "store": "nofrills",
      "name": "Russian Salad Dressing",
      "price": null,
      "unit": "425 ml, $0.71/100ml",
      "original_price": null,
      "image_url": "https://digital.loblaws.ca/PCX/21583989_EA/en/1/21583989_en_front_1200.png",
      "valid": false,
      "error": "Missing price",
      "page_url": "https://www.nofrills.ca/en/deals/flyer?page=19"
    },
    {
      "store": "nofrills",
      "name": "Power Antiperspirant Sport",
      "price": "$2.50",
      "unit": "85 g, $3.53/100g",
      "original_price": null,
      "image_url": "https://digital.loblaws.ca/PCX/20436867001_EA/en/1/5800000855_enfr_front_centre_marketing_1_GS1_Ecommerce_v1_1200.png",
      "valid": true,
      "error": "Missing",
      "page_url": "https://www.nofrills.ca/en/deals/flyer?page=19"
    },
    {
      "store": "nofrills",
      "name": "Chicken, 25% Less Salt Gravy Mix",
      "price": null,
      "unit": "25 g, $5.16/100g",
      "original_price": null,
      "image_url": "https://digital.loblaws.ca/PCX/20302816006_EA/en/1/20302816006_enfr_front_1200.png",
      "valid": false,
      "error": "Missing price",
      "page_url": "https://www.nofrills.ca/en/deals/flyer?page=19"
    },
    {
      "store": "nofrills",
      "name": "Sausage & Egg Breakfast Sandwiches, 2 per pack",
      "price": "$5.50",
      "unit": "288 g, $1.91/100g",
      "original_price": "$7.49",
      "image_url": "https://digital.loblaws.ca/PCX/21623533_EA/en/1/21623533_enfr_front_v1_1200.png",
      "valid": true,
      "error": "Missing",
      "page_url": "https://www.nofrills.ca/en/deals/flyer?page=19"
    },
    {
      "store": "nofrills",
      "name": "Coffee Enhancer Caramel Macchiato Cold Foam",
      "price": "$3.88",
      "unit": "396 g, $0.98/100g",
      "original_price": "$5.25",
      "image_url": "https://digital.loblaws.ca/PCX/21629968_EA/en/1/3663207995_en_front_centre_marketing_1_GS1_Ecommerce_v1_1200.png",
      "valid": true,
      "error": "Missing",
      "page_url": "https://www.nofrills.ca/en/deals/flyer?page=19"
    },
    {
      "store": "nofrills",
      "name": "Spaghettini",
      "price": "$2.25",
      "unit": "450 g, $0.50/100g",
      "original_price": "$2.99",
      "image_url": "https://digital.loblaws.ca/PCX/21056287_EA/en/1/21056287_enfr_front_v1_1200.png",
      "valid": true,
      "error": "Missing",
      "page_url": "https://www.nofrills.ca/en/deals/flyer?page=19"
    },
    {
      "store": "nofrills",
      "name": "Frozen Yogurt Bars, Strawberry Cheesecake",
      "price": "$6.00",
      "unit": "320 ml, $1.88/100ml",
      "original_price": "$6.50",
      "image_url": "https://digital.loblaws.ca/PCX/21654421_EA/en/1/21654421_enfr_front_1200.png",
      "valid": true,
      "error": "Missing",
      "page_url": "https://www.nofrills.ca/en/deals/flyer?page=19"
    },
    {
      "store": "nofrills",
      "name": "Men's Irish Spring Antiperspirant Deodorant",
      "price": "$2.50",
      "unit": "76 g, $3.95/100g",
      "original_price": null,
      "image_url": "https://digital.loblaws.ca/PCX/21022234_EA/en/1/5800000023_enfr_front_centre_marketing_GS1_Ecommerce_1200.png",
      "valid": true,
      "error": "Missing",
      "page_url": "https://www.nofrills.ca/en/deals/flyer?page=19"
    },
    {
      "store": "nofrills",
      "name": "Soft Drink Lemon Lime",
      "price": "$1.00",
      "unit": "1 l, $0.10/100ml",
      "original_price": "$1.75",
      "image_url": "https://digital.loblaws.ca/PCX/20310220001_EA/en/1/6540000093_en_front_centre_marketing_GS1_Marketing_1200.png",
      "valid": true,
      "error": "Missing",
      "page_url": "https://www.nofrills.ca/en/deals/flyer?page=19"
    },
    {
      "store": "nofrills",
      "name": "Air Chilled Whole Chicken",
      "price": null,
      "unit": "1.7 kg, $0.88/100g",
      "original_price": null,
      "image_url": "https://digital.loblaws.ca/PCX/21636475_EA/en/1/21636475_enfr_front_1200.png",
      "valid": false,
      "error": "Missing price",
      "page_url": "https://www.nofrills.ca/en/deals/flyer?page=19"
    },
    {
      "store": "nofrills",
      "name": "Markdale Creamery Cherry Chocolate Ice Cream",
      "price": null,
      "unit": "2 l, $0.20/100ml",
      "original_price": null,
      "image_url": "https://digital.loblaws.ca/PCX/21082224_EA/en/1/21082224_enfr_front_1200.png",
      "valid": false,
      "error": "Missing price",
      "page_url": "https://www.nofrills.ca/en/deals/flyer?page=19"
    },
    {
      "store": "nofrills",
      "name": "Wide Mouth Snap Lid",
      "price": null,
      "unit": "12 ea, $0.67/1ea",
      "original_price": null,
      "image_url": "https://digital.loblaws.ca/PCX/21386841_EA/en/1/6052801302_en_front_centre_marketing_GS1_Ecommerce_1200.png",
      "valid": false,
      "error": "Missing price",
      "page_url": "https://www.nofrills.ca/en/deals/flyer?page=19"
    },
    {
      "store": "nofrills",
      "name": "Coffee Enhancer French Vanilla Cold Foam",
      "price": "$3.88",
      "unit": "396 g, $0.98/100g",
      "original_price": "$5.25",
      "image_url": "https://digital.loblaws.ca/PCX/21629959_EA/en/1/3663207994_en_front_centre_marketing_1_GS1_Ecommerce_v1_1200.png",
      "valid": true,
      "error": "Missing",
      "page_url": "https://www.nofrills.ca/en/deals/flyer?page=19"
    },
    {
      "store": "nofrills",
      "name": "Energy Wild Strawberry Energy Drink Mix",
      "price": "$3.00",
      "unit": "31 g, $9.68/100g",
      "original_price": "$3.25",
      "image_url": "https://digital.loblaws.ca/PCX/21588001_EA/en/1/21588001_en_front_1200.png",
      "valid": true,
      "error": "Missing",
      "page_url": "https://www.nofrills.ca/en/deals/flyer?page=19"
    },
    {
      "store": "nofrills",
      "name": "Scoop Shop Tiger Tail Ice Cream",
      "price": "$3.00",
      "unit": "946 ml, $0.32/100ml",
      "original_price": "$5.00",
      "image_url": "https://digital.loblaws.ca/PCX/20299983009_EA/en/1/20299983009_enfr_front_v1_1200.png",
      "valid": true,
      "error": "Missing",
      "page_url": "https://www.nofrills.ca/en/deals/flyer?page=19"
    },
    {
      "store": "nofrills",
      "name": "Bear Paws, Maple",
      "price": "$2.22",
      "unit": "240 g, $0.93/100g",
      "original_price": "$2.50",
      "image_url": "https://digital.loblaws.ca/PCX/21520204_EA/en/1/6334800695_en_front_centre_marketing_GS1_Ecommerce_1200.png",
      "valid": true,
      "error": "Missing",
      "page_url": "https://www.nofrills.ca/en/deals/flyer?page=19"
    },
    {
      "store": "nofrills",
      "name": "Pork Gravy Mix",
      "price": null,
      "unit": "24 g, $5.37/100g",
      "original_price": null,
      "image_url": "https://digital.loblaws.ca/PCX/20302378001_EA/en/1/20302378001_enfr_front_1200.png",
      "valid": false,
      "error": "Missing price",
      "page_url": "https://www.nofrills.ca/en/deals/flyer?page=19"
    },
    {
      "store": "nofrills",
      "name": "Our Stampede Pork Back Ribs Fast & Fabulous Honey Garlic",
      "price": null,
      "unit": "680 g, $1.47/100g",
      "original_price": null,
      "image_url": "https://digital.loblaws.ca/PCX/21669266_EA/en/1/21669266_en_front_1200.png",
      "valid": false,
      "error": "Missing price",
      "page_url": "https://www.nofrills.ca/en/deals/flyer?page=19"
    },
    {
      "store": "nofrills",
      "name": "Pizza Pockets® Three Cheese",
      "price": "$7.50",
      "unit": "600 g, $1.25/100g",
      "original_price": "$8.75",
      "image_url": "https://digital.loblaws.ca/PCX/21047836_EA/en/1/21047836_en_front_v3_1200.png",
      "valid": true,
      "error": "Missing",
      "page_url": "https://www.nofrills.ca/en/deals/flyer?page=19"
    },
    {
      "store": "nofrills",
      "name": "Marinade Mix, Meat",
      "price": null,
      "unit": "32 g, $4.03/100g",
      "original_price": null,
      "image_url": "https://digital.loblaws.ca/PCX/20598248003_EA/en/1/20598248003_enfr_front_v1_1200.png",
      "valid": false,
      "error": "Missing price",
      "page_url": "https://www.nofrills.ca/en/deals/flyer?page=19"
    },
    {
      "store": "nofrills",
      "name": "Desi Ghee",
      "price": null,
      "unit": "1.6 kg, $1.56/100g",
      "original_price": null,
      "image_url": "https://digital.loblaws.ca/PCX/20181744_EA/en/1/20181744_en_front_1200.png",
      "valid": false,
      "error": "Missing price",
      "page_url": "https://www.nofrills.ca/en/deals/flyer?page=19"
    },
    {
      "store": "nofrills",
      "name": "360 Toothbrush with Tongue and Cheek Cleaner",
      "price": "$2.50",
      "unit": "1 ea, $3.00/1ea",
      "original_price": null,
      "image_url": "https://digital.loblaws.ca/PCX/20306410002_EA/en/1/5800000614_enfr_front_centre_marketing_1_GS1_Ecommerce_v1_1200.png",
      "valid": true,
      "error": "Missing",
      "page_url": "https://www.nofrills.ca/en/deals/flyer?page=19"
    },
    {
      "store": "nofrills",
      "name": "Roasted Portobello Mushroom Pasta Sauce",
      "price": null,
      "unit": "650 ml, $0.54/100ml",
      "original_price": null,
      "image_url": "https://digital.loblaws.ca/PCX/20131344003_EA/en/1/20131344003_en_front_1200.png",
      "valid": false,
      "error": "Missing price",
      "page_url": "https://www.nofrills.ca/en/deals/flyer?page=19"
    },
    {
      "store": "nofrills",
      "name": "Jumbo Popcorn Chicken Croquettes",
      "price": null,
      "unit": "397 g, $1.13/100g",
      "original_price": null,
      "image_url": "https://digital.loblaws.ca/PCX/20296014008_EA/en/1/69147911958_enfr_front_centre_marketing_GS1_Ecommerce_1200.png",
      "valid": false,
      "error": "Missing price",
      "page_url": "https://www.nofrills.ca/en/deals/flyer?page=19"
    },
    {
      "store": "nofrills",
      "name": "Forever Grapefruit, Sparkling Water Beverage, Natural Grapefruit Flavour, No Calories, No Sweeteners, No Sodium, Sourced & Bottled In France",
      "price": "$7.00",
      "unit": "8x330.0 ml, $0.27/100ml",
      "original_price": "$8.00",
      "image_url": "https://digital.loblaws.ca/PCX/21576430_C08/en/1/21576430_en_front_v1_1200.png",
      "valid": true,
      "error": "Missing",
      "page_url": "https://www.nofrills.ca/en/deals/flyer?page=19"
    },
    {
      "store": "nofrills",
      "name": "Markdale Creamery Chocolate Vanilla Checkerboard Ice Cream",
      "price": null,
      "unit": "2 l, $0.20/100ml",
      "original_price": null,
      "image_url": "https://digital.loblaws.ca/PCX/20315236012_EA/en/1/20315236012_enfr_front_1200.png",
      "valid": false,
      "error": "Missing price",
      "page_url": "https://www.nofrills.ca/en/deals/flyer?page=19"
    },
    {
      "store": "nofrills",
      "name": "Puffs Peanut Butter & Cocoa Flavour Cereal Bars",
      "price": null,
      "unit": "120 g, $2.50/100g",
      "original_price": null,
      "image_url": "https://digital.loblaws.ca/PCX/21184633_EA/en/1/21184633_en_front_1200.png",
      "valid": false,
      "error": "Missing price",
      "page_url": "https://www.nofrills.ca/en/deals/flyer?page=19"
    },
    {
      "store": "nofrills",
      "name": "360° Toothbrush With Tongue And Cheek Cleaner",
      "price": "$2.50",
      "unit": "1 ea, $3.00/1ea",
      "original_price": null,
      "image_url": "https://digital.loblaws.ca/PCX/20306410001_EA/en/1/5800000615_enfr_front_centre_marketing_A_1_GS1_Ecommerce_v1_1200.png",
      "valid": true,
      "error": "Missing",
      "page_url": "https://www.nofrills.ca/en/deals/flyer?page=19"
    },
    {
      "store": "nofrills",
      "name": "Beef Tortellini, Twin Pack",
      "price": "$5.00",
      "unit": "500 g, $1.00/100g",
      "original_price": "$5.99",
      "image_url": "https://digital.loblaws.ca/PCX/20570436_EA/en/1/20570436_enfr_front_v1_1200.png",
      "valid": true,
      "error": "Missing",
      "page_url": "https://www.nofrills.ca/en/deals/flyer?page=19"
    },
    {
      "store": "nofrills",
      "name": "Super Moist Cake Mix Pecan",
      "price": null,
      "unit": "375 g, $0.61/100g",
      "original_price": null,
      "image_url": "https://digital.loblaws.ca/PCX/21547842_EA/en/1/21547842_en_front_1200.png",
      "valid": false,
      "error": "Missing price",
      "page_url": "https://www.nofrills.ca/en/deals/flyer?page=19"
    },
    {
      "store": "nofrills",
      "name": "Gushers Sweet Watermelon Sour Apple 6 Pouches",
      "price": "$3.00",
      "unit": "138 g, $2.17/100g",
      "original_price": "$3.99",
      "image_url": "https://digital.loblaws.ca/PCX/21676456_EA/en/1/21676456_en_front_v1_1200.png",
      "valid": true,
      "error": "Missing",
      "page_url": "https://www.nofrills.ca/en/deals/flyer?page=19"
    },
    {
      "store": "nofrills",
      "name": "Seafood Medley Flavour Adult Cat Treats",
      "price": null,
      "unit": "454 g, $1.54/100g",
      "original_price": null,
      "image_url": "https://digital.loblaws.ca/PCX/21011755_EA/en/1/21011755_en_front_1200.png",
      "valid": false,
      "error": "Missing price",
      "page_url": "https://www.nofrills.ca/en/deals/flyer?page=19"
    },
    {
      "store": "nofrills",
      "name": "Singles, Lemon Lime",
      "price": null,
      "unit": "36 g, $8.33/100g",
      "original_price": null,
      "image_url": "https://digital.loblaws.ca/PCX/20302952_EA/en/1/20302952_en_front_1200.png",
      "valid": false,
      "error": "Missing price",
      "page_url": "https://www.nofrills.ca/en/deals/flyer?page=20"
    },
    {
      "store": "nofrills",
      "name": "Hydrate Berry Burst Electrolyte Drink Mix",
      "price": "$3.00",
      "unit": "38 g, $7.89/100g",
      "original_price": "$3.25",
      "image_url": "https://digital.loblaws.ca/PCX/21634119_EA/en/1/21634119_en_front_1200.png",
      "valid": true,
      "error": "Missing",
      "page_url": "https://www.nofrills.ca/en/deals/flyer?page=20"
    },
    {
      "store": "nofrills",
      "name": "Mini Wheats Cereal Blueberry",
      "price": null,
      "unit": "390 g, $1.41/100g",
      "original_price": null,
      "image_url": "https://digital.loblaws.ca/PCX/21652057_EA/en/1/5972410160_en_front_centre_marketing_1_GS1_Ecommerce_1200.png",
      "valid": false,
      "error": "Missing price",
      "page_url": "https://www.nofrills.ca/en/deals/flyer?page=20"
    },
    {
      "store": "nofrills",
      "name": "Forever Peach, Sparkling Water Beverage",
      "price": "$7.00",
      "unit": "8x330.0 ml, $0.27/100ml",
      "original_price": "$8.00",
      "image_url": "https://digital.loblaws.ca/PCX/21575682_C08/en/1/21575682_en_front_v1_1200.png",
      "valid": true,
      "error": "Missing",
      "page_url": "https://www.nofrills.ca/en/deals/flyer?page=20"
    },
    {
      "store": "nofrills",
      "name": "Super Premium Plus Ice Cream Cold Brew Coffee",
      "price": "$4.50",
      "unit": "500 ml, $0.90/100ml",
      "original_price": "$5.00",
      "image_url": "https://digital.loblaws.ca/PCX/21511106_EA/en/1/21511106_en_front_v1_1200.png",
      "valid": true,
      "error": "Missing",
      "page_url": "https://www.nofrills.ca/en/deals/flyer?page=20"
    },
    {
      "store": "nofrills",
      "name": "Cheddar Cheestrings",
      "price": "$6.00",
      "unit": "336 g, $1.79/100g",
      "original_price": "$8.50",
      "image_url": "https://digital.loblaws.ca/PCX/20763298_EA/en/1/20763298_enfr_front_v1_1200.png",
      "valid": true,
      "error": "Missing",
      "page_url": "https://www.nofrills.ca/en/deals/flyer?page=20"
    },
    {
      "store": "nofrills",
      "name": "Hydrate Lemon Lime Electrolyte Drink Mix",
      "price": "$3.00",
      "unit": "45 g, $6.67/100g",
      "original_price": "$3.25",
      "image_url": "https://digital.loblaws.ca/PCX/21633454_EA/en/1/21633454_en_front_1200.png",
      "valid": true,
      "error": "Missing",
      "page_url": "https://www.nofrills.ca/en/deals/flyer?page=20"
    },
    {
      "store": "nofrills",
      "name": "Grape Liquid Drink Mix",
      "price": "$3.00",
      "unit": "48 ml, $6.25/100ml",
      "original_price": "$3.25",
      "image_url": "https://digital.loblaws.ca/PCX/21021895_EA/en/1/21021895_en_front_1200.png",
      "valid": true,
      "error": "Missing",
      "page_url": "https://www.nofrills.ca/en/deals/flyer?page=20"
    },
    {
      "store": "nofrills",
      "name": "Frozen Yogurt Bars, Raspberry Chocolate",
      "price": "$6.00",
      "unit": "320 ml, $1.88/100ml",
      "original_price": "$6.50",
      "image_url": "https://digital.loblaws.ca/PCX/21654135_EA/en/1/21654135_enfr_front_1200.png",
      "valid": true,
      "error": "Missing",
      "page_url": "https://www.nofrills.ca/en/deals/flyer?page=20"
    },
    {
      "store": "nofrills",
      "name": "Oat Milk Alternative, Plant Based, Dairy Free, Vanilla Flavour",
      "price": "$3.75",
      "unit": "1.75 l, $0.21/100ml",
      "original_price": "$4.00",
      "image_url": "https://digital.loblaws.ca/PCX/21196105_EA/en/1/21196105_en_front_v1_1200.png",
      "valid": true,
      "error": "Missing",
      "page_url": "https://www.nofrills.ca/en/deals/flyer?page=20"
    },
    {
      "store": "nofrills",
      "name": "Lunchbox Granola Bars, Mixed Berry, Kids Snacks, 5 ct",
      "price": null,
      "unit": "130 g, $2.31/100g",
      "original_price": null,
      "image_url": "https://digital.loblaws.ca/PCX/21644340_EA/en/1/21644340_en_front_v1_1200.png",
      "valid": false,
      "error": "Missing price",
      "page_url": "https://www.nofrills.ca/en/deals/flyer?page=20"
    },
    {
      "store": "nofrills",
      "name": "Beef Selections Adult Dry Cat Food With Natural Beef Flavour",
      "price": "$5.99",
      "unit": "2 kg, $0.30/100g",
      "original_price": "$9.99",
      "image_url": "https://digital.loblaws.ca/PCX/21589000_EA/en/1/21589000_en_front_v1_1200.png",
      "valid": true,
      "error": "Missing",
      "page_url": "https://www.nofrills.ca/en/deals/flyer?page=20"
    },
    {
      "store": "nofrills",
      "name": "Natural Selections Dry-Cured Sliced Genoa Salami",
      "price": "$5.00",
      "unit": "150 g, $3.33/100g",
      "original_price": "$7.99",
      "image_url": "https://digital.loblaws.ca/PCX/21533286_EA/en/1/21533286_enfr_front_v1_1200.png",
      "valid": true,
      "error": "Missing",
      "page_url": "https://www.nofrills.ca/en/deals/flyer?page=20"
    },
    {
      "store": "nofrills",
      "name": "Fruit Roll Up Snack Berry Variety",
      "price": null,
      "unit": "141 g, $2.13/100g",
      "original_price": null,
      "image_url": "https://digital.loblaws.ca/PCX/21031075_EA/en/1/21031075_en_front_1200.png",
      "valid": false,
      "error": "Missing price",
      "page_url": "https://www.nofrills.ca/en/deals/flyer?page=20"
    },
    {
      "store": "nofrills",
      "name": "Premium Vitamin D 1,000 IU Tablets",
      "price": "$2.50",
      "unit": "100 ea, $0.03/1ea",
      "original_price": null,
      "image_url": "https://digital.loblaws.ca/PCX/20071221_EA/en/1/20071221_en_front_1200.png",
      "valid": true,
      "error": "Missing",
      "page_url": "https://www.nofrills.ca/en/deals/flyer?page=20"
    },
    {
      "store": "nofrills",
      "name": "Ultra Sunrise",
      "price": null,
      "unit": "473 ml, $0.63/100ml",
      "original_price": null,
      "image_url": "https://digital.loblaws.ca/PCX/20875127_EA/en/1/20875127_enfr_front_v1_1200.png",
      "valid": false,
      "error": "Missing price",
      "page_url": "https://www.nofrills.ca/en/deals/flyer?page=20"
    },
    {
      "store": "nofrills",
      "name": "Mix-Ups Chicken, Turkey & Beef Flavour Adult Cat Treats",
      "price": null,
      "unit": "0.454 kg, $1.54/100g",
      "original_price": null,
      "image_url": "https://digital.loblaws.ca/PCX/21194220_EA/en/1/21194220_en_front_1200.png",
      "valid": false,
      "error": "Missing price",
      "page_url": "https://www.nofrills.ca/en/deals/flyer?page=20"
    },
    {
      "store": "nofrills",
      "name": "Super Moist Cake Mix Carrot",
      "price": null,
      "unit": "375 g, $0.61/100g",
      "original_price": null,
      "image_url": "https://digital.loblaws.ca/PCX/21547839_EA/en/1/21547839_en_front_1200.png",
      "valid": false,
      "error": "Missing price",
      "page_url": "https://www.nofrills.ca/en/deals/flyer?page=20"
    },
    {
      "store": "nofrills",
      "name": "Tomato and Basil Pasta Sauce",
      "price": null,
      "unit": "700 ml, $0.54/100ml",
      "original_price": null,
      "image_url": "https://digital.loblaws.ca/PCX/20123254001_EA/en/1/20123254001_en_front_1200.png",
      "valid": false,
      "error": "Missing price",
      "page_url": "https://www.nofrills.ca/en/deals/flyer?page=20"
    },
    {
      "store": "nofrills",
      "name": "Organic Mango Chunks",
      "price": "$7.00",
      "unit": "600 g, $1.17/100g",
      "original_price": "$8.50",
      "image_url": "https://digital.loblaws.ca/PCX/21023573_EA/en/1/21023573_en_front_1200.png",
      "valid": true,
      "error": "Missing",
      "page_url": "https://www.nofrills.ca/en/deals/flyer?page=20"
    },
    {
      "store": "nofrills",
      "name": "Special K Vanilla Almond Cereal",
      "price": null,
      "unit": "355 g, $1.77/100g",
      "original_price": null,
      "image_url": "https://digital.loblaws.ca/PCX/20695732_EA/en/1/20695732_en_front_v1_1200.png",
      "valid": false,
      "error": "Missing price",
      "page_url": "https://www.nofrills.ca/en/deals/flyer?page=20"
    },
    {
      "store": "nofrills",
      "name": "Crunchy Granola Bars Roasted Almond 5CT",
      "price": "$3.00",
      "unit": "210 g, $1.43/100g",
      "original_price": "$3.99",
      "image_url": "https://digital.loblaws.ca/PCX/21675920_EA/en/1/21675920_en_front_v1_1200.png",
      "valid": true,
      "error": "Missing",
      "page_url": "https://www.nofrills.ca/en/deals/flyer?page=20"
    },
    {
      "store": "nofrills",
      "name": "Plant Based Oils Spread Salted",
      "price": "$3.00",
      "unit": "427 g, $0.70/100g",
      "original_price": "$4.99",
      "image_url": "https://digital.loblaws.ca/PCX/21593578_EA/en/1/1111515678_enfr_front_centre_marketing_GS1_Ecommerce_1200.png",
      "valid": true,
      "error": "Missing",
      "page_url": "https://www.nofrills.ca/en/deals/flyer?page=20"
    },
    {
      "store": "nofrills",
      "name": "Special K Cereal Original",
      "price": null,
      "unit": "345 g, $1.82/100g",
      "original_price": null,
      "image_url": "https://digital.loblaws.ca/PCX/21651958_EA/en/1/5972410138_en_front_centre_marketing_1_GS1_Ecommerce_1200.png",
      "valid": false,
      "error": "Missing price",
      "page_url": "https://www.nofrills.ca/en/deals/flyer?page=20"
    },
    {
      "store": "nofrills",
      "name": "Super Premium Plus Ice Cream Vanilla Trilogy",
      "price": "$4.50",
      "unit": "500 ml, $0.90/100ml",
      "original_price": "$5.00",
      "image_url": "https://digital.loblaws.ca/PCX/21511200_EA/en/1/21511200_en_front_v1_1200.png",
      "valid": true,
      "error": "Missing",
      "page_url": "https://www.nofrills.ca/en/deals/flyer?page=20"
    },
    {
      "store": "nofrills",
      "name": "Sparkling Water Beverage Forever Passion Fruit",
      "price": "$7.00",
      "unit": "8x330.0 ml, $0.27/100ml",
      "original_price": "$8.49",
      "image_url": "https://digital.loblaws.ca/PCX/21650999_C08/en/1/21650999_enfr_front_1200.png",
      "valid": true,
      "error": "Missing",
      "page_url": "https://www.nofrills.ca/en/deals/flyer?page=20"
    },
    {
      "store": "nofrills",
      "name": "Carbonated Natural Spring Water with Grapefruit Flavour, 10 Pack",
      "price": "$6.50",
      "unit": "10x355.0 ml, $0.18/100ml",
      "original_price": "$6.99",
      "image_url": "https://digital.loblaws.ca/PCX/21363111_C10/en/1/21363111_en_front_v1_1200.png",
      "valid": true,
      "error": "Missing",
      "page_url": "https://www.nofrills.ca/en/deals/flyer?page=20"
    },
    {
      "store": "nofrills",
      "name": "Original Tomato Clam Cocktail",
      "price": "$3.00",
      "unit": "1.89 l, $0.16/100ml",
      "original_price": "$3.50",
      "image_url": "https://digital.loblaws.ca/PCX/20506849003_EA/en/1/6038377942_en_front_centre_marketing_GS1_Ecommerce_1200.png",
      "valid": true,
      "error": "Missing",
      "page_url": "https://www.nofrills.ca/en/deals/flyer?page=20"
    },
    {
      "store": "nofrills",
      "name": "Frozen Yogurt Canadian Blueberries & Cream",
      "price": "$6.00",
      "unit": "2 l, $0.30/100ml",
      "original_price": "$7.50",
      "image_url": "https://digital.loblaws.ca/PCX/21428866_EA/en/1/21428866_en_front_v1_1200.png",
      "valid": true,
      "error": "Missing",
      "page_url": "https://www.nofrills.ca/en/deals/flyer?page=20"
    },
    {
      "store": "nofrills",
      "name": "Light Cheese",
      "price": "$11.00",
      "unit": "535 g, $2.06/100g",
      "original_price": "$11.50",
      "image_url": "https://digital.loblaws.ca/PCX/20022525_EA/en/1/20022525_en_front_1200.png",
      "valid": true,
      "error": "Missing",
      "page_url": "https://www.nofrills.ca/en/deals/flyer?page=20"
    },
    {
      "store": "nofrills",
      "name": "Rooibos Red Tea",
      "price": null,
      "unit": "20 ea, $0.15/1ea",
      "original_price": null,
      "image_url": "https://digital.loblaws.ca/PCX/20301067_EA/en/1/6038398789_en_front_centre_marketing_GS1_Ecommerce_1200.png",
      "valid": false,
      "error": "Missing price",
      "page_url": "https://www.nofrills.ca/en/deals/flyer?page=20"
    },
    {
      "store": "nofrills",
      "name": "Yogurt Duo Lemon-Vanilla, Yogurt Tub 1.5%",
      "price": "$2.97",
      "unit": "650 g, $0.46/100g",
      "original_price": "$4.49",
      "image_url": "https://digital.loblaws.ca/PCX/21659444_EA/en/1/21659444_enfr_front_1200.png",
      "valid": true,
      "error": "Missing",
      "page_url": "https://www.nofrills.ca/en/deals/flyer?page=20"
    },
    {
      "store": "nofrills",
      "name": "WHEAT THINS 37% Less Fat Crackers, No artificial colours or flavours",
      "price": null,
      "unit": "180 g, $1.39/100g",
      "original_price": null,
      "image_url": "https://digital.loblaws.ca/PCX/21547045_EA/en/1/21547045_en_front_1200.png",
      "valid": false,
      "error": "Missing price",
      "page_url": "https://www.nofrills.ca/en/deals/flyer?page=20"
    },
    {
      "store": "nofrills",
      "name": "Oven Roasted Ham With Rosemary",
      "price": "$3.00",
      "unit": "125 g, $2.40/100g",
      "original_price": "$4.49",
      "image_url": "https://digital.loblaws.ca/PCX/21673542_EA/en/1/6008505180_enfr_front_centre_marketing_A_1_GS1_Ecommerce_1200.png",
      "valid": true,
      "error": "Missing",
      "page_url": "https://www.nofrills.ca/en/deals/flyer?page=20"
    },
    {
      "store": "nofrills",
      "name": "Tourtière",
      "price": "$8.00",
      "unit": "800 g, $1.00/100g",
      "original_price": "$9.99",
      "image_url": "https://digital.loblaws.ca/PCX/20719334_EA/en/1/20719334_en_front_1200.png",
      "valid": true,
      "error": "Missing",
      "page_url": "https://www.nofrills.ca/en/deals/flyer?page=20"
    },
    {
      "store": "nofrills",
      "name": "Men'S Deodorant, Sport",
      "price": "$2.50",
      "unit": "85 g, $3.53/100g",
      "original_price": null,
      "image_url": "https://digital.loblaws.ca/PCX/20846473_EA/en/1/20846473_en_front_1200.png",
      "valid": true,
      "error": "Missing",
      "page_url": "https://www.nofrills.ca/en/deals/flyer?page=20"
    },
    {
      "store": "nofrills",
      "name": "Mini Burgers Lunch Kit",
      "price": null,
      "unit": "102 g, $2.94/100g",
      "original_price": null,
      "image_url": "https://digital.loblaws.ca/PCX/21093554_EA/en/1/21093554_enfr_front_v1_1200.png",
      "valid": false,
      "error": "Missing price",
      "page_url": "https://www.nofrills.ca/en/deals/flyer?page=20"
    },
    {
      "store": "nofrills",
      "name": "Redhot Creamy Buffalo Sauce",
      "price": "$3.99",
      "unit": "354 ml, $1.13/100ml",
      "original_price": "$4.50",
      "image_url": "https://digital.loblaws.ca/PCX/21584993_EA/en/1/21584993_enfr_front_1200.png",
      "valid": true,
      "error": "Missing",
      "page_url": "https://www.nofrills.ca/en/deals/flyer?page=20"
    },
    {
      "store": "nofrills",
      "name": "Jammers, Strawberry Kiwi",
      "price": "$3.00",
      "unit": "10x180.0 ml, $0.17/100ml",
      "original_price": "$4.00",
      "image_url": "https://digital.loblaws.ca/PCX/20079976004_EA/en/1/20079976004_enfr_front_v1_1200.png",
      "valid": true,
      "error": "Missing",
      "page_url": "https://www.nofrills.ca/en/deals/flyer?page=20"
    },
    {
      "store": "nofrills",
      "name": "Chicken, Gluten-Free Gravy Mix",
      "price": null,
      "unit": "25 g, $5.16/100g",
      "original_price": null,
      "image_url": "https://digital.loblaws.ca/PCX/20800521_EA/en/1/20800521_enfr_front_v1_1200.png",
      "valid": false,
      "error": "Missing price",
      "page_url": "https://www.nofrills.ca/en/deals/flyer?page=20"
    },
    {
      "store": "nofrills",
      "name": "FAST & FANCY Country Chicken Flavour Rice",
      "price": "$1.00",
      "unit": "132 g, $0.76/100g",
      "original_price": "$1.79",
      "image_url": "https://digital.loblaws.ca/PCX/21397290_EA/en/1/21397290_enfr_front_v1_1200.png",
      "valid": true,
      "error": "Missing",
      "page_url": "https://www.nofrills.ca/en/deals/flyer?page=20"
    },
    {
      "store": "nofrills",
      "name": "Fresh Infusions Fruity Melon Antiperspirant",
      "price": "$2.50",
      "unit": "45 g, $6.67/100g",
      "original_price": null,
      "image_url": "https://digital.loblaws.ca/PCX/20432338003_EA/en/1/20432338003_enfr_front_v1_1200.png",
      "valid": true,
      "error": "Missing",
      "page_url": "https://www.nofrills.ca/en/deals/flyer?page=20"
    },
    {
      "store": "nofrills",
      "name": "Lucky Charms Cereal Bar Treats",
      "price": null,
      "unit": "120 g, $2.50/100g",
      "original_price": null,
      "image_url": "https://digital.loblaws.ca/PCX/20887511_EA/en/1/20887511_en_front_1200.png",
      "valid": false,
      "error": "Missing price",
      "page_url": "https://www.nofrills.ca/en/deals/flyer?page=20"
    },
    {
      "store": "nofrills",
      "name": "Friskies Seafood Sensations Flavours of Salmon, Tuna, Shrimp & Seaweed, Dry Cat Food",
      "price": "$5.50",
      "unit": "1.42 kg, $0.39/100g",
      "original_price": "$6.29",
      "image_url": "https://digital.loblaws.ca/PCX/21549867_EA/en/1/21549867_en_front_1200.png",
      "valid": true,
      "error": "Missing",
      "page_url": "https://www.nofrills.ca/en/deals/flyer?page=20"
    },
    {
      "store": "nofrills",
      "name": "Chicken Cutlettes Buffalo Style",
      "price": null,
      "unit": "428 g, $1.05/100g",
      "original_price": null,
      "image_url": "https://digital.loblaws.ca/PCX/20296014006_EA/en/1/69147911987_enfr_front_centre_marketing_GS1_Ecommerce_1200.png",
      "valid": false,
      "error": "Missing price",
      "page_url": "https://www.nofrills.ca/en/deals/flyer?page=20"
    },
    {
      "store": "nofrills",
      "name": "Chinese Broccoli (gai lan)",
      "price": "about $2.68",
      "unit": "$4.39/1kg $1.99/1lb",
      "original_price": "$4.02",
      "image_url": "https://digital.loblaws.ca/PCX/20003604001_KG/en/1/20003604001_en_front_1200.png",
      "valid": true,
      "error": "Missing",
      "page_url": "https://www.nofrills.ca/en/deals/flyer?page=20"
    },
    {
      "store": "nofrills",
      "name": "FAST & FANCY Homestyle Chicken Flavour & Wild Rice",
      "price": "$1.00",
      "unit": "132 g, $0.76/100g",
      "original_price": "$1.79",
      "image_url": "https://digital.loblaws.ca/PCX/21397412_EA/en/1/21397412_enfr_front_v1_1200.png",
      "valid": true,
      "error": "Missing",
      "page_url": "https://www.nofrills.ca/en/deals/flyer?page=20"
    },
    {
      "store": "nofrills",
      "name": "Natural Chocolate Flavour Chewable Vitamin D 1,000 IU Tablets",
      "price": "$2.50",
      "unit": "100 ea, $0.03/1ea",
      "original_price": null,
      "image_url": "https://digital.loblaws.ca/PCX/20343239002_EA/en/1/20343239002_en_front_v1_1200.png",
      "valid": true,
      "error": "Missing",
      "page_url": "https://www.nofrills.ca/en/deals/flyer?page=20"
    }
  ]
}